transaction_id,timestamp,stock_symbol,price,quantity,order_type,exchange
tx_0005805,2025-06-14 09:30:01,PYPL,248.72,313.0,buy,NASDAQ
tx_0001777,2025-06-14 09:30:04,GOOGL,2782.1,248.0,sell,NASDAQ
tx_0009701,2025-06-14 09:30:05,PEP,151.46,373.0,buy,NYSE
tx_0003432,2025-06-14 09:30:19,AMZN,3492.46,303.0,sell,NASDAQ
tx_0000390,2025-06-14 09:30:21,PG,140.02,159.0,sell,NYSE
tx_0002204,2025-06-14 09:30:22,GOOGL,2817.25,959.0,sell,NASDAQ
tx_0003171,2025-06-14 09:30:22,MSFT,301.35,547.0,sell,NASDAQ
tx_0005116,2025-06-14 09:30:27,ADBE,597.37,,buy,NASDAQ
tx_0003697,2025-06-14 09:30:29,FB,330.98,893.0,sell,NASDAQ
tx_0005711,2025-06-14 09:30:34,MA,349.42,429.0,sell,NYSE
tx_0008616,2025-06-14 09:30:35,NFLX,499.51,100.0,sell,NASDAQ
tx_0006436,2025-06-14 09:30:44,KO,55.3,376.0,sell,NYSE
tx_0009309,2025-06-14 09:30:45,MSFT,302.2,290.0,buy,NASDAQ
tx_0000209,2025-06-14 09:30:47,NFLX,500.08,901.0,sell,NASDAQ
tx_0004693,2025-06-14 09:30:49,FB,332.76,990.0,sell,NASDAQ
tx_0004686,2025-06-14 09:30:53,PG,140.55,456.0,buy,NYSE
tx_0001837,2025-06-14 09:30:54,FB,329.46,141.0,buy,NASDAQ
tx_0003389,2025-06-14 09:30:54,TSLA,700.13,875.0,buy,NASDAQ
tx_0002259,2025-06-14 09:30:54,MSFT,298.91,79.0,sell,NASDAQ
tx_0005664,2025-06-14 09:30:57,WMT,140.84,857.0,sell,NYSE
tx_0004873,2025-06-14 09:30:59,MCD,247.12,136.0,sell,NYSE
tx_0000584,2025-06-14 09:31:07,GOOGL,2804.34,220.0,buy,NASDAQ
tx_0009093,2025-06-14 09:31:08,PG,139.32,746.0,sell,NYSE
tx_0007762,2025-06-14 09:31:10,FB,329.5,675.0,sell,NASDAQ
tx_0009587,2025-06-14 09:31:19,TSLA,695.17,199.0,buy,NASDAQ
tx_0000497,2025-06-14 09:31:19,GOOGL,2807.94,903.0,buy,NASDAQ
tx_0000827,2025-06-14 09:31:20,PG,140.49,349.0,buy,NYSE
tx_0007215,2025-06-14 09:31:26,FB,330.15,644.0,buy,NASDAQ
tx_0007460,2025-06-14 09:31:26,KO,55.06,916.0,buy,NYSE
tx_0006496,2025-06-14 09:31:29,PEP,149.12,56.0,sell,NYSE
tx_0007612,2025-06-14 09:31:34,PEP,150.73,999.0,sell,NYSE
tx_0004871,2025-06-14 09:31:36,PEP,150.86,460.0,sell,NYSE
tx_0006096,2025-06-14 09:31:36,FB,333.85,261.0,sell,NASDAQ
tx_0003085,2025-06-14 09:31:40,WMT,138.72,,sell,NYSE
tx_0007278,2025-06-14 09:31:41,KO,55.34,841.0,sell,NYSE
tx_0002465,2025-06-14 09:31:45,AMZN,3498.19,662.0,buy,NASDAQ
tx_0009767,2025-06-14 09:31:45,MA,349.98,855.0,buy,NYSE
tx_0001256,2025-06-14 09:31:48,TSLA,703.51,962.0,sell,NASDAQ
tx_0008215,2025-06-14 09:31:50,PYPL,248.33,752.0,buy,NASDAQ
tx_0005717,2025-06-14 09:31:53,GOOGL,2797.15,780.0,sell,NASDAQ
tx_0000559,2025-06-14 09:31:54,MSFT,300.53,909.0,sell,NASDAQ
tx_0009481,2025-06-14 09:31:57,AMZN,3479.03,142.0,buy,NASDAQ
tx_0001252,2025-06-14 09:32:01,AMZN,3458.81,179.0,sell,NASDAQ
tx_0009871,2025-06-14 09:32:02,NFLX,500.08,835.0,buy,NASDAQ
tx_0000946,2025-06-14 09:32:05,AMZN,3450.56,33.0,sell,NASDAQ
tx_0009528,2025-06-14 09:32:10,PEP,149.05,828.0,sell,NYSE
tx_0003869,2025-06-14 09:32:12,PG,139.07,888.0,sell,NYSE
tx_0005590,2025-06-14 09:32:12,FB,333.38,35.0,buy,NASDAQ
tx_0002648,2025-06-14 09:32:16,JNJ,170.78,218.0,buy,NYSE
tx_0000849,2025-06-14 09:32:17,MCD,246.29,816.0,buy,NYSE
tx_0007663,2025-06-14 09:32:17,KO,55.34,343.0,sell,NYSE
tx_0009184,2025-06-14 09:32:18,WMT,139.13,230.0,buy,NYSE
tx_0007054,2025-06-14 09:32:18,PG,138.68,684.0,sell,NYSE
tx_0003426,2025-06-14 09:32:21,NVDA,197.96,394.0,buy,NASDAQ
tx_0000716,2025-06-14 09:32:24,JNJ,169.12,272.0,buy,NYSE
tx_0005527,2025-06-14 09:32:26,PEP,149.5,949.0,buy,NYSE
tx_0007101,2025-06-14 09:32:26,ADBE,599.79,791.0,sell,NASDAQ
tx_0000253,2025-06-14 09:32:29,KO,54.71,865.0,sell,NYSE
tx_0002534,2025-06-14 09:32:31,V,218.57,770.0,buy,NYSE
tx_0003568,2025-06-14 09:32:31,JNJ,169.06,229.0,buy,NYSE
tx_0005769,2025-06-14 09:32:31,NFLX,498.56,590.0,buy,NASDAQ
tx_0003393,2025-06-14 09:32:33,MSFT,302.13,857.0,sell,NASDAQ
tx_0006475,2025-06-14 09:32:35,DIS,181.25,510.0,buy,NYSE
tx_0007906,2025-06-14 09:32:36,NVDA,198.91,472.0,sell,NASDAQ
tx_0006678,2025-06-14 09:32:36,MA,353.55,921.0,buy,NYSE
tx_0007984,2025-06-14 09:32:37,BRK.B,284.63,164.0,sell,NYSE
tx_0004302,2025-06-14 09:32:38,MSFT,298.84,529.0,sell,NASDAQ
tx_0004145,2025-06-14 09:32:39,KO,54.59,839.0,buy,NYSE
tx_0001316,2025-06-14 09:32:41,PG,140.57,355.0,sell,NYSE
tx_0005088,2025-06-14 09:32:49,FB,332.76,961.0,buy,NASDAQ
tx_0005915,2025-06-14 09:32:51,NFLX,501.65,681.0,buy,NASDAQ
tx_0007940,2025-06-14 09:32:52,WMT,140.79,176.0,sell,NYSE
tx_0008082,2025-06-14 09:32:58,V,219.56,342.0,sell,NYSE
tx_0007122,2025-06-14 09:32:58,AAPL,149.81,63.0,sell,NASDAQ
tx_0003209,2025-06-14 09:33:01,PG,140.69,841.0,buy,NYSE
tx_0009180,2025-06-14 09:33:03,PG,140.8,688.0,buy,NYSE
tx_0005764,2025-06-14 09:33:07,PYPL,250.8,914.0,buy,NASDAQ
tx_0007742,2025-06-14 09:33:07,JNJ,170.07,115.0,sell,NYSE
tx_0005540,2025-06-14 09:33:11,AMZN,3509.83,689.0,sell,NASDAQ
tx_0009855,2025-06-14 09:33:16,AAPL,149.95,366.0,sell,NASDAQ
tx_0007214,2025-06-14 09:33:18,GOOGL,2826.97,131.0,buy,NASDAQ
tx_0008197,2025-06-14 09:33:22,TSLA,699.58,803.0,buy,NASDAQ
tx_0000925,2025-06-14 09:33:31,NVDA,199.56,5.0,sell,NASDAQ
tx_0002664,2025-06-14 09:33:34,WMT,141.06,149.0,buy,NYSE
tx_0001606,2025-06-14 09:33:35,GOOGL,2825.36,688.0,sell,NASDAQ
tx_0003699,2025-06-14 09:33:38,PYPL,248.17,886.0,buy,NASDAQ
tx_0002890,2025-06-14 09:33:40,DIS,178.94,319.0,sell,NYSE
tx_0008889,2025-06-14 09:33:44,PG,139.19,,buy,NYSE
tx_0001395,2025-06-14 09:33:45,NVDA,198.27,572.0,buy,NASDAQ
tx_0007861,2025-06-14 09:33:46,GOOGL,2835.24,25.0,buy,NASDAQ
tx_0004179,2025-06-14 09:33:47,MSFT,296.34,796.0,buy,NASDAQ
tx_0002256,2025-06-14 09:34:01,NVDA,200.98,632.0,buy,NASDAQ
tx_0004217,2025-06-14 09:34:01,PEP,147.51,750.0,sell,NYSE
tx_0005159,2025-06-14 09:34:03,PEP,147.96,485.0,buy,NYSE
tx_0000371,2025-06-14 09:34:08,KO,54.8,904.0,sell,NYSE
tx_0009242,2025-06-14 09:34:12,DIS,179.09,149.0,buy,NYSE
tx_0001746,2025-06-14 09:34:14,JNJ,170.04,170.0,sell,NYSE
tx_0004942,2025-06-14 09:34:14,MCD,251.96,676.0,buy,NYSE
tx_0001403,2025-06-14 09:34:16,KO,55.04,892.0,buy,NYSE
tx_0002491,2025-06-14 09:34:20,AAPL,150.56,788.0,buy,NASDAQ
tx_0003853,2025-06-14 09:34:20,AAPL,151.62,950.0,buy,NASDAQ
tx_0000725,2025-06-14 09:34:21,DIS,181.97,987.0,sell,NYSE
tx_0002152,2025-06-14 09:34:23,NVDA,199.73,579.0,buy,NASDAQ
tx_0008731,2025-06-14 09:34:23,V,220.79,717.0,buy,NYSE
tx_0000685,2025-06-14 09:34:27,ADBE,594.64,180.0,sell,NASDAQ
tx_0002913,2025-06-14 09:34:28,NVDA,201.63,671.0,buy,NASDAQ
tx_0004450,2025-06-14 09:34:29,MSFT,301.96,899.0,sell,NASDAQ
tx_0008884,2025-06-14 09:34:29,KO,54.96,491.0,sell,NYSE
tx_0000083,2025-06-14 09:34:40,DIS,181.61,819.0,sell,NYSE
tx_0007379,2025-06-14 09:34:42,MA,348.51,7.0,sell,NYSE
tx_0007869,2025-06-14 09:34:45,AAPL,150.74,511.0,sell,NASDAQ
tx_0003095,2025-06-14 09:34:49,GOOGL,2812.98,57.0,buy,NASDAQ
tx_0001149,2025-06-14 09:34:49,BRK.B,284.95,881.0,sell,NYSE
tx_0004282,2025-06-14 09:34:51,WMT,139.98,462.0,sell,NYSE
tx_0006820,2025-06-14 09:34:53,PYPL,251.63,468.0,sell,NASDAQ
tx_0004714,2025-06-14 09:34:55,AMZN,3487.57,664.0,sell,NASDAQ
tx_0008456,2025-06-14 09:35:00,PYPL,252.12,63.0,sell,NASDAQ
tx_0001327,2025-06-14 09:35:02,AMZN,3544.91,969.0,buy,NASDAQ
tx_0003791,2025-06-14 09:35:04,GOOGL,2806.7,269.0,sell,NASDAQ
tx_0003476,2025-06-14 09:35:04,PYPL,252.22,434.0,buy,NASDAQ
tx_0001200,2025-06-14 09:35:12,PEP,147.18,897.0,buy,NYSE
tx_0001493,2025-06-14 09:35:13,WMT,139.1,840.0,sell,NYSE
tx_0007299,2025-06-14 09:35:15,AAPL,150.31,270.0,sell,NASDAQ
tx_0007630,2025-06-14 09:35:15,NVDA,199.47,764.0,sell,NASDAQ
tx_0006053,2025-06-14 09:35:19,MCD,249.58,870.0,buy,NYSE
tx_0005775,2025-06-14 09:35:24,AAPL,149.19,202.0,sell,NASDAQ
tx_0002206,2025-06-14 09:35:26,MA,349.81,982.0,buy,NYSE
tx_0007105,2025-06-14 09:35:29,PEP,147.99,734.0,sell,NYSE
tx_0009787,2025-06-14 09:35:36,AAPL,151.64,68.0,buy,NASDAQ
tx_0002604,2025-06-14 09:35:36,NVDA,202.0,198.0,buy,NASDAQ
tx_0003995,2025-06-14 09:35:37,KO,54.4,228.0,sell,NYSE
tx_0008867,2025-06-14 09:35:38,PG,138.4,363.0,buy,NYSE
tx_0003092,2025-06-14 09:35:39,MA,352.53,42.0,sell,NYSE
tx_0003407,2025-06-14 09:35:40,NFLX,492.57,801.0,sell,NASDAQ
tx_0000405,2025-06-14 09:35:41,FB,330.27,208.0,buy,NASDAQ
tx_0004118,2025-06-14 09:35:42,PYPL,252.1,912.0,sell,NASDAQ
tx_0008121,2025-06-14 09:35:45,PEP,149.29,522.0,sell,NYSE
tx_0002822,2025-06-14 09:35:45,KO,54.05,25.0,buy,NYSE
tx_0003434,2025-06-14 09:35:46,WMT,140.6,43.0,buy,NYSE
tx_0000467,2025-06-14 09:35:46,PEP,149.45,431.0,sell,NYSE
tx_0003313,2025-06-14 09:35:50,TSLA,693.78,250.0,sell,NASDAQ
tx_0004443,2025-06-14 09:35:50,BRK.B,279.63,750.0,buy,NYSE
tx_0001097,2025-06-14 09:35:51,V,216.79,59.0,buy,NYSE
tx_0002221,2025-06-14 09:35:55,DIS,179.06,678.0,buy,NYSE
tx_0005285,2025-06-14 09:35:55,KO,54.61,270.0,sell,NYSE
tx_0000954,2025-06-14 09:35:56,AAPL,149.7,388.0,buy,NASDAQ
tx_0008444,2025-06-14 09:35:57,MCD,250.61,637.0,sell,NYSE
tx_0005782,2025-06-14 09:35:58,AAPL,151.75,680.0,buy,NASDAQ
tx_0002422,2025-06-14 09:36:00,MA,348.62,915.0,sell,NYSE
tx_0005688,2025-06-14 09:36:01,ADBE,596.36,824.0,sell,NASDAQ
tx_0006745,2025-06-14 09:36:07,MA,350.69,121.0,sell,NYSE
tx_0001031,2025-06-14 09:36:08,PEP,149.47,89.0,buy,NYSE
tx_0001052,2025-06-14 09:36:08,NFLX,491.77,859.0,sell,NASDAQ
tx_0009941,2025-06-14 09:36:11,JNJ,167.53,990.0,sell,NYSE
tx_0008615,2025-06-14 09:36:12,PG,139.1,922.0,buy,NYSE
tx_0006864,2025-06-14 09:36:13,MSFT,299.45,572.0,sell,NASDAQ
tx_0003145,2025-06-14 09:36:13,MSFT,298.85,538.0,buy,NASDAQ
tx_0004867,2025-06-14 09:36:22,ADBE,600.26,289.0,buy,NASDAQ
tx_0000332,2025-06-14 09:36:30,V,217.06,885.0,buy,NYSE
tx_0009426,2025-06-14 09:36:34,KO,54.15,498.0,sell,NYSE
tx_0002183,2025-06-14 09:36:35,PEP,147.43,116.0,buy,NYSE
tx_0009660,2025-06-14 09:36:35,AAPL,152.41,428.0,sell,NASDAQ
tx_0009381,2025-06-14 09:36:35,NFLX,496.24,461.0,sell,NASDAQ
tx_0007466,2025-06-14 09:36:38,KO,53.83,337.0,buy,NYSE
tx_0009261,2025-06-14 09:36:45,ADBE,601.26,582.0,buy,NASDAQ
tx_0009525,2025-06-14 09:36:50,TSLA,706.51,758.0,sell,NASDAQ
tx_0006391,2025-06-14 09:36:50,AMZN,3482.46,142.0,buy,NASDAQ
tx_0005906,2025-06-14 09:36:52,GOOGL,2816.75,418.0,sell,NASDAQ
tx_0001145,2025-06-14 09:36:57,MCD,251.05,116.0,sell,NYSE
tx_0002737,2025-06-14 09:36:57,MA,346.16,448.0,buy,NYSE
tx_0008402,2025-06-14 09:36:58,MCD,247.64,600.0,buy,NYSE
tx_0008206,2025-06-14 09:36:58,TSLA,704.47,394.0,buy,NASDAQ
tx_0008598,2025-06-14 09:36:58,AAPL,151.38,127.0,buy,NASDAQ
tx_0005767,2025-06-14 09:37:04,PEP,,113.0,buy,NYSE
tx_0002326,2025-06-14 09:37:04,NFLX,493.46,358.0,sell,NASDAQ
tx_0004755,2025-06-14 09:37:05,AMZN,3537.45,390.0,buy,NASDAQ
tx_0001611,2025-06-14 09:37:11,V,217.79,584.0,sell,NYSE
tx_0000457,2025-06-14 09:37:13,PG,139.72,753.0,buy,NYSE
tx_0006027,2025-06-14 09:37:13,FB,334.59,379.0,buy,NASDAQ
tx_0006802,2025-06-14 09:37:15,NFLX,497.98,508.0,,NASDAQ
tx_0003129,2025-06-14 09:37:15,WMT,138.64,508.0,buy,NYSE
tx_0000038,2025-06-14 09:37:15,ADBE,597.83,597.0,buy,NASDAQ
tx_0007505,2025-06-14 09:37:16,MSFT,303.11,301.0,sell,NASDAQ
tx_0000382,2025-06-14 09:37:16,AAPL,152.23,745.0,buy,NASDAQ
tx_0009545,2025-06-14 09:37:20,DIS,178.53,930.0,sell,NYSE
tx_0001587,2025-06-14 09:37:23,PYPL,251.7,683.0,buy,NASDAQ
tx_0002301,2025-06-14 09:37:24,PYPL,248.34,172.0,buy,NASDAQ
tx_0003947,2025-06-14 09:37:28,PG,138.24,850.0,sell,NYSE
tx_0002458,2025-06-14 09:37:34,MSFT,304.11,719.0,sell,NASDAQ
tx_0001361,2025-06-14 09:37:35,KO,53.7,421.0,buy,NYSE
tx_0006584,2025-06-14 09:37:41,PG,138.87,964.0,buy,NYSE
tx_0006485,2025-06-14 09:37:42,NFLX,493.66,469.0,buy,
tx_0000022,2025-06-14 09:37:42,ADBE,595.89,988.0,buy,NASDAQ
tx_0009634,2025-06-14 09:37:43,JNJ,170.04,908.0,buy,NYSE
tx_0003469,2025-06-14 09:37:48,ADBE,589.38,870.0,sell,NASDAQ
tx_0004816,2025-06-14 09:37:51,ADBE,592.9,990.0,sell,NASDAQ
tx_0000710,2025-06-14 09:37:52,MA,352.66,292.0,sell,NYSE
tx_0005605,2025-06-14 09:37:55,WMT,140.56,50.0,buy,NYSE
tx_0006144,2025-06-14 09:37:58,KO,54.42,867.0,sell,NYSE
tx_0000154,2025-06-14 09:38:01,BRK.B,279.94,826.0,sell,NYSE
tx_0008375,2025-06-14 09:38:08,WMT,139.69,144.0,sell,NYSE
tx_0009697,2025-06-14 09:38:09,GOOGL,2832.62,24.0,sell,NASDAQ
tx_0005821,2025-06-14 09:38:12,NVDA,197.78,714.0,buy,NASDAQ
tx_0004778,2025-06-14 09:38:12,FB,330.07,206.0,sell,NASDAQ
tx_0005093,2025-06-14 09:38:13,MSFT,303.52,247.0,sell,NASDAQ
tx_0004784,2025-06-14 09:38:15,NFLX,493.46,393.0,buy,NASDAQ
tx_0006076,2025-06-14 09:38:17,MA,351.8,162.0,buy,NYSE
tx_0001112,2025-06-14 09:38:21,TSLA,702.48,211.0,buy,
tx_0002992,2025-06-14 09:38:22,PEP,147.85,896.0,buy,NYSE
tx_0004917,2025-06-14 09:38:23,JNJ,169.81,51.0,sell,NYSE
tx_0004349,2025-06-14 09:38:29,NFLX,500.8,234.0,sell,NASDAQ
tx_0008590,2025-06-14 09:38:30,ADBE,596.34,802.0,sell,NASDAQ
tx_0009047,2025-06-14 09:38:30,FB,331.7,205.0,sell,NASDAQ
tx_0008025,2025-06-14 09:38:34,NVDA,199.18,903.0,buy,NASDAQ
tx_0003908,2025-06-14 09:38:39,GOOGL,2788.91,670.0,buy,NASDAQ
tx_0008403,2025-06-14 09:38:40,PYPL,,73.0,sell,NASDAQ
tx_0004384,2025-06-14 09:38:44,MSFT,302.75,35.0,buy,NASDAQ
tx_0007709,2025-06-14 09:38:46,AMZN,3495.4,500.0,buy,NASDAQ
tx_0003900,2025-06-14 09:38:47,FB,332.07,966.0,sell,NASDAQ
tx_0006233,2025-06-14 09:38:47,V,219.68,318.0,sell,NYSE
tx_0003075,2025-06-14 09:38:50,PYPL,250.43,810.0,sell,NASDAQ
tx_0004188,2025-06-14 09:38:50,WMT,138.08,547.0,buy,NYSE
tx_0009124,2025-06-14 09:38:55,MA,347.97,574.0,buy,NYSE
tx_0004293,2025-06-14 09:38:56,MCD,249.45,834.0,buy,NYSE
tx_0006058,2025-06-14 09:38:58,NFLX,490.02,163.0,sell,NASDAQ
tx_0000388,2025-06-14 09:39:02,PEP,149.26,769.0,buy,NYSE
tx_0007484,2025-06-14 09:39:06,PYPL,250.15,982.0,sell,NASDAQ
tx_0006238,2025-06-14 09:39:09,KO,53.61,730.0,buy,NYSE
tx_0002459,2025-06-14 09:39:10,MCD,250.9,64.0,buy,NYSE
tx_0001006,2025-06-14 09:39:12,MSFT,303.18,747.0,sell,NASDAQ
tx_0004494,2025-06-14 09:39:14,AMZN,3511.12,717.0,sell,NASDAQ
tx_0006229,2025-06-14 09:39:26,PEP,148.0,1000.0,buy,NYSE
tx_0006768,2025-06-14 09:39:29,BRK.B,279.94,266.0,sell,NYSE
tx_0000600,2025-06-14 09:39:31,MCD,253.44,443.0,sell,NYSE
tx_0007578,2025-06-14 09:39:32,AMZN,3519.3,527.0,buy,NASDAQ
tx_0008445,2025-06-14 09:39:35,MSFT,305.53,877.0,sell,NASDAQ
tx_0008081,2025-06-14 09:39:37,PYPL,249.52,827.0,buy,NASDAQ
tx_0002842,2025-06-14 09:39:38,KO,54.34,964.0,buy,NYSE
tx_0000570,2025-06-14 09:39:40,DIS,177.85,540.0,buy,NYSE
tx_0008795,2025-06-14 09:39:40,WMT,140.64,767.0,sell,NYSE
tx_0005084,2025-06-14 09:39:45,BRK.B,278.56,330.0,buy,NYSE
tx_0002280,2025-06-14 09:39:46,GOOGL,2779.02,693.0,buy,NASDAQ
tx_0000075,2025-06-14 09:39:51,JNJ,168.9,209.0,sell,NYSE
tx_0003399,2025-06-14 09:39:53,V,217.33,90.0,buy,NYSE
tx_0000846,2025-06-14 09:39:53,NVDA,197.43,218.0,sell,NASDAQ
tx_0005428,2025-06-14 09:39:53,BRK.B,279.16,63.0,buy,NYSE
tx_0001729,2025-06-14 09:40:00,PG,139.45,408.0,sell,NYSE
tx_0009594,2025-06-14 09:40:08,TSLA,709.34,11.0,sell,NASDAQ
tx_0001649,2025-06-14 09:40:10,JNJ,166.78,653.0,buy,NYSE
tx_0004893,2025-06-14 09:40:11,ADBE,586.63,336.0,sell,NASDAQ
tx_0008155,2025-06-14 09:40:15,AMZN,3456.85,748.0,sell,NASDAQ
tx_0004632,2025-06-14 09:40:16,TSLA,701.35,266.0,buy,NASDAQ
tx_0000893,2025-06-14 09:40:27,MCD,252.93,138.0,sell,NYSE
tx_0004665,2025-06-14 09:40:31,PYPL,250.88,728.0,buy,NASDAQ
tx_0005034,2025-06-14 09:40:34,DIS,177.06,536.0,buy,NYSE
tx_0005082,2025-06-14 09:40:36,MCD,252.34,279.0,buy,NYSE
tx_0002360,2025-06-14 09:40:36,PYPL,252.44,167.0,sell,NASDAQ
tx_0004961,2025-06-14 09:40:40,AMZN,3459.11,192.0,buy,NASDAQ
tx_0004279,2025-06-14 09:40:43,DIS,178.29,652.0,sell,NYSE
tx_0001036,2025-06-14 09:40:44,MSFT,303.23,73.0,sell,NASDAQ
tx_0003857,2025-06-14 09:40:44,AAPL,151.45,96.0,sell,NASDAQ
tx_0003887,2025-06-14 09:40:47,AMZN,3475.13,745.0,buy,NASDAQ
tx_0001830,2025-06-14 09:40:47,GOOGL,2806.37,363.0,sell,NASDAQ
tx_0003691,2025-06-14 09:40:50,V,218.59,324.0,buy,NYSE
tx_0009370,2025-06-14 09:40:50,BRK.B,282.29,529.0,buy,NYSE
tx_0002209,2025-06-14 09:40:52,GOOGL,2798.36,415.0,sell,NASDAQ
tx_0004568,2025-06-14 09:40:53,AMZN,3457.23,720.0,buy,NASDAQ
tx_0001969,2025-06-14 09:40:54,ADBE,591.94,288.0,buy,NASDAQ
tx_0008989,2025-06-14 09:40:55,WMT,139.7,371.0,sell,NYSE
tx_0002001,2025-06-14 09:40:56,MCD,249.43,511.0,sell,NYSE
tx_0007965,2025-06-14 09:40:57,BRK.B,279.29,965.0,buy,NYSE
tx_0002428,2025-06-14 09:40:58,MCD,250.56,703.0,buy,NYSE
tx_0009258,2025-06-14 09:41:08,ADBE,587.98,218.0,buy,NASDAQ
tx_0004607,2025-06-14 09:41:09,MA,351.27,840.0,buy,NYSE
tx_0000976,2025-06-14 09:41:11,AAPL,152.15,599.0,buy,NASDAQ
tx_0006779,2025-06-14 09:41:13,MCD,251.47,741.0,buy,NYSE
tx_0008107,2025-06-14 09:41:16,GOOGL,2827.48,269.0,buy,NASDAQ
tx_0005673,2025-06-14 09:41:35,FB,329.83,977.0,sell,NASDAQ
tx_0009583,2025-06-14 09:41:37,BRK.B,278.94,910.0,sell,NYSE
tx_0009971,2025-06-14 09:41:38,KO,53.73,936.0,buy,NYSE
tx_0001394,2025-06-14 09:41:38,PG,139.64,63.0,sell,NYSE
tx_0008354,2025-06-14 09:41:39,PYPL,253.49,277.0,buy,NASDAQ
tx_0003300,2025-06-14 09:41:40,TSLA,701.77,955.0,sell,NASDAQ
tx_0000313,2025-06-14 09:41:41,WMT,140.33,329.0,buy,NYSE
tx_0001411,2025-06-14 09:41:42,V,218.53,799.0,sell,NYSE
tx_0004307,2025-06-14 09:41:42,ADBE,597.49,30.0,sell,NASDAQ
tx_0004376,2025-06-14 09:41:45,PG,140.38,51.0,sell,NYSE
tx_0005040,2025-06-14 09:41:45,AMZN,3534.89,178.0,sell,NASDAQ
tx_0009272,2025-06-14 09:41:45,BRK.B,281.08,27.0,buy,NYSE
tx_0003795,2025-06-14 09:41:48,AMZN,3506.08,209.0,sell,NASDAQ
tx_0002419,2025-06-14 09:41:50,PEP,146.88,178.0,buy,NYSE
tx_0003924,2025-06-14 09:41:56,PYPL,250.33,174.0,buy,NASDAQ
tx_0005959,2025-06-14 09:42:02,AMZN,3492.32,612.0,sell,NASDAQ
tx_0008164,2025-06-14 09:42:05,ADBE,590.01,531.0,buy,NASDAQ
tx_0007431,2025-06-14 09:42:07,MA,346.65,536.0,sell,NYSE
tx_0003596,2025-06-14 09:42:11,MCD,252.35,142.0,buy,NYSE
tx_0002827,2025-06-14 09:42:14,NVDA,199.96,988.0,buy,NASDAQ
tx_0002541,2025-06-14 09:42:15,MSFT,304.29,880.0,sell,NASDAQ
tx_0009149,2025-06-14 09:42:17,JNJ,167.26,637.0,sell,NYSE
tx_0004651,2025-06-14 09:42:19,PG,140.18,313.0,sell,NYSE
tx_0000290,2025-06-14 09:42:19,AAPL,151.12,621.0,sell,NASDAQ
tx_0003765,2025-06-14 09:42:22,AAPL,150.69,215.0,sell,NASDAQ
tx_0001105,2025-06-14 09:42:23,PEP,147.17,392.0,buy,NYSE
tx_0004129,2025-06-14 09:42:25,MCD,251.98,400.0,sell,NYSE
tx_0007728,2025-06-14 09:42:25,PEP,147.08,61.0,sell,NYSE
tx_0004858,2025-06-14 09:42:27,BRK.B,280.59,291.0,buy,NYSE
tx_0007526,2025-06-14 09:42:31,KO,53.43,665.0,buy,NYSE
tx_0001075,2025-06-14 09:42:32,V,219.18,156.0,buy,NYSE
tx_0009714,2025-06-14 09:42:35,FB,336.36,322.0,sell,NASDAQ
tx_0007638,2025-06-14 09:42:40,NVDA,200.3,884.0,buy,NASDAQ
tx_0002446,2025-06-14 09:42:45,NVDA,198.96,958.0,buy,NASDAQ
tx_0006709,2025-06-14 09:42:46,DIS,177.4,910.0,buy,NYSE
tx_0006068,2025-06-14 09:42:49,PEP,146.85,112.0,sell,NYSE
tx_0006585,2025-06-14 09:42:50,JNJ,168.43,451.0,sell,NYSE
tx_0008336,2025-06-14 09:42:54,WMT,140.55,977.0,buy,NYSE
tx_0007976,2025-06-14 09:42:55,FB,331.23,36.0,buy,NASDAQ
tx_0002139,2025-06-14 09:43:01,BRK.B,281.65,735.0,sell,NYSE
tx_0008734,2025-06-14 09:43:05,PG,139.98,181.0,buy,NYSE
tx_0009052,2025-06-14 09:43:09,ADBE,594.03,1.0,sell,NASDAQ
tx_0006213,2025-06-14 09:43:10,DIS,179.26,908.0,sell,NYSE
tx_0007680,2025-06-14 09:43:12,WMT,138.83,663.0,buy,NYSE
tx_0006835,2025-06-14 09:43:14,JNJ,167.17,750.0,buy,NYSE
tx_0005749,2025-06-14 09:43:15,AAPL,151.74,95.0,sell,NASDAQ
tx_0001661,2025-06-14 09:43:16,MCD,250.76,659.0,buy,NYSE
tx_0003359,2025-06-14 09:43:17,PYPL,251.39,605.0,buy,NASDAQ
tx_0009734,2025-06-14 09:43:22,AMZN,3482.98,659.0,buy,NASDAQ
tx_0008666,2025-06-14 09:43:22,NVDA,200.85,829.0,sell,NASDAQ
tx_0007217,2025-06-14 09:43:26,PEP,148.41,159.0,sell,NYSE
tx_0004270,2025-06-14 09:43:29,BRK.B,282.77,542.0,sell,NYSE
tx_0002982,2025-06-14 09:43:29,FB,331.44,208.0,sell,NASDAQ
tx_0005899,2025-06-14 09:43:32,MA,350.15,746.0,buy,NYSE
tx_0008568,2025-06-14 09:43:38,PEP,148.1,520.0,sell,NYSE
tx_0005319,2025-06-14 09:43:40,NVDA,201.64,204.0,buy,NASDAQ
tx_0008018,2025-06-14 09:43:50,AMZN,3484.67,270.0,sell,NASDAQ
tx_0005952,2025-06-14 09:43:50,DIS,177.44,3.0,buy,NYSE
tx_0001875,2025-06-14 09:43:51,ADBE,594.94,878.0,buy,NASDAQ
tx_0004935,2025-06-14 09:44:01,MCD,251.89,87.0,sell,NYSE
tx_0002144,2025-06-14 09:44:01,V,215.86,798.0,sell,NYSE
tx_0006003,2025-06-14 09:44:14,MA,352.65,698.0,buy,NYSE
tx_0007688,2025-06-14 09:44:16,V,215.99,183.0,sell,NYSE
tx_0006541,2025-06-14 09:44:16,TSLA,707.09,378.0,sell,NASDAQ
tx_0002576,2025-06-14 09:44:17,AMZN,3477.47,652.0,sell,NASDAQ
tx_0003062,2025-06-14 09:44:18,PYPL,254.16,961.0,buy,NASDAQ
tx_0005122,2025-06-14 09:44:20,NVDA,201.02,500.0,sell,NASDAQ
tx_0002567,2025-06-14 09:44:21,AMZN,3487.87,69.0,sell,NASDAQ
tx_0005829,2025-06-14 09:44:23,ADBE,594.47,277.0,sell,NASDAQ
tx_0008347,2025-06-14 09:44:24,BRK.B,279.39,450.0,buy,NYSE
tx_0000892,2025-06-14 09:44:27,WMT,140.35,906.0,sell,NYSE
tx_0007004,2025-06-14 09:44:27,NVDA,201.55,623.0,buy,NASDAQ
tx_0003981,2025-06-14 09:44:29,MSFT,304.69,86.0,sell,NASDAQ
tx_0004018,2025-06-14 09:44:31,JNJ,168.37,480.0,sell,NYSE
tx_0007043,2025-06-14 09:44:32,MA,350.47,190.0,buy,NYSE
tx_0001239,2025-06-14 09:44:33,MA,352.08,743.0,buy,NYSE
tx_0009774,2025-06-14 09:44:37,AMZN,3528.96,451.0,sell,NASDAQ
tx_0001438,2025-06-14 09:44:42,KO,53.82,439.0,buy,NYSE
tx_0005839,2025-06-14 09:44:44,TSLA,711.59,8.0,buy,NASDAQ
tx_0004967,2025-06-14 09:44:46,GOOGL,2809.14,778.0,sell,NASDAQ
tx_0006553,2025-06-14 09:44:51,BRK.B,282.03,609.0,buy,NYSE
tx_0008247,2025-06-14 09:44:55,KO,54.07,210.0,sell,NYSE
tx_0000580,2025-06-14 09:44:57,PEP,146.24,151.0,sell,NYSE
tx_0009794,2025-06-14 09:44:58,GOOGL,2829.31,356.0,buy,NASDAQ
tx_0005376,2025-06-14 09:44:59,MCD,252.01,919.0,buy,NYSE
tx_0005423,2025-06-14 09:45:03,AMZN,3506.28,887.0,buy,NASDAQ
tx_0006743,2025-06-14 09:45:05,AMZN,3501.81,211.0,sell,NASDAQ
tx_0006383,2025-06-14 09:45:05,NFLX,493.65,709.0,buy,NASDAQ
tx_0009346,2025-06-14 09:45:06,FB,333.32,665.0,sell,NASDAQ
tx_0005110,2025-06-14 09:45:17,MA,352.43,913.0,sell,NYSE
tx_0008331,2025-06-14 09:45:17,PG,138.83,62.0,sell,NYSE
tx_0001422,2025-06-14 09:45:19,AMZN,3465.64,180.0,buy,NASDAQ
tx_0003101,2025-06-14 09:45:20,WMT,140.29,198.0,sell,NYSE
tx_0009657,2025-06-14 09:45:24,JNJ,166.88,869.0,sell,NYSE
tx_0006049,2025-06-14 09:45:25,DIS,178.98,224.0,buy,NYSE
tx_0008499,2025-06-14 09:45:31,NVDA,199.18,47.0,buy,NASDAQ
tx_0004099,2025-06-14 09:45:31,TSLA,708.04,950.0,sell,NASDAQ
tx_0008599,2025-06-14 09:45:35,WMT,139.38,385.0,,NYSE
tx_0003863,2025-06-14 09:45:39,GOOGL,2813.06,83.0,buy,NASDAQ
tx_0008507,2025-06-14 09:45:44,MSFT,305.39,718.0,buy,NASDAQ
tx_0006371,2025-06-14 09:45:44,NVDA,201.4,957.0,buy,NASDAQ
tx_0003929,2025-06-14 09:45:46,AAPL,150.67,46.0,buy,NASDAQ
tx_0002767,2025-06-14 09:45:49,PG,139.47,963.0,buy,NYSE
tx_0000376,2025-06-14 09:45:50,MCD,247.8,508.0,buy,NYSE
tx_0006662,2025-06-14 09:45:54,TSLA,707.77,437.0,buy,NASDAQ
tx_0004574,2025-06-14 09:45:55,NVDA,199.91,202.0,sell,NASDAQ
tx_0002110,2025-06-14 09:45:57,GOOGL,2822.96,12.0,sell,NASDAQ
tx_0003798,2025-06-14 09:46:02,MSFT,304.05,102.0,sell,NASDAQ
tx_0003106,2025-06-14 09:46:07,NVDA,198.51,615.0,sell,NASDAQ
tx_0000207,2025-06-14 09:46:08,PYPL,248.74,997.0,buy,NASDAQ
tx_0003859,2025-06-14 09:46:10,MA,351.16,241.0,buy,NYSE
tx_0001163,2025-06-14 09:46:14,WMT,140.58,289.0,sell,NYSE
tx_0002741,2025-06-14 09:46:15,V,216.97,,sell,NYSE
tx_0004619,2025-06-14 09:46:15,V,220.64,598.0,sell,NYSE
tx_0000948,2025-06-14 09:46:16,JNJ,167.7,454.0,buy,NYSE
tx_0002948,2025-06-14 09:46:18,KO,53.71,872.0,sell,NYSE
tx_0000490,2025-06-14 09:46:18,GOOGL,2835.47,393.0,sell,NASDAQ
tx_0009029,2025-06-14 09:46:22,PG,138.98,414.0,buy,NYSE
tx_0008954,2025-06-14 09:46:24,AAPL,151.9,711.0,sell,NASDAQ
tx_0009107,2025-06-14 09:46:27,PYPL,250.53,705.0,buy,NASDAQ
tx_0007985,2025-06-14 09:46:27,TSLA,703.98,109.0,buy,NASDAQ
tx_0004361,2025-06-14 09:46:32,PYPL,251.01,362.0,buy,NASDAQ
tx_0000255,2025-06-14 09:46:33,ADBE,594.64,705.0,buy,NASDAQ
tx_0009095,2025-06-14 09:46:36,PYPL,252.47,243.0,buy,NASDAQ
tx_0001722,2025-06-14 09:46:38,PG,140.58,860.0,buy,NYSE
tx_0006875,2025-06-14 09:46:43,NFLX,490.45,349.0,buy,NASDAQ
tx_0000465,2025-06-14 09:46:43,MCD,249.18,207.0,buy,NYSE
tx_0009856,2025-06-14 09:46:46,PYPL,252.7,687.0,sell,NASDAQ
tx_0004033,2025-06-14 09:46:52,KO,54.46,15.0,buy,NYSE
tx_0004676,2025-06-14 09:46:53,BRK.B,279.41,50.0,sell,NYSE
tx_0003362,2025-06-14 09:47:02,AMZN,3496.06,866.0,buy,NASDAQ
tx_0008176,2025-06-14 09:47:02,WMT,140.51,71.0,buy,NYSE
tx_0003198,2025-06-14 09:47:03,MCD,252.46,404.0,sell,NYSE
tx_0007972,2025-06-14 09:47:04,NFLX,491.62,446.0,buy,NASDAQ
tx_0005230,2025-06-14 09:47:04,FB,332.94,391.0,sell,NASDAQ
tx_0006595,2025-06-14 09:47:04,NFLX,490.45,75.0,buy,NASDAQ
tx_0007263,2025-06-14 09:47:09,PEP,147.38,11.0,sell,NYSE
tx_0003272,2025-06-14 09:47:10,GOOGL,2828.18,58.0,buy,NASDAQ
tx_0003482,2025-06-14 09:47:17,GOOGL,2801.9,102.0,buy,NASDAQ
tx_0003866,2025-06-14 09:47:17,NVDA,202.13,19.0,sell,NASDAQ
tx_0005295,2025-06-14 09:47:18,KO,54.09,180.0,buy,NYSE
tx_0003509,2025-06-14 09:47:19,AMZN,3521.91,149.0,buy,
tx_0005431,2025-06-14 09:47:20,GOOGL,2821.47,655.0,buy,NASDAQ
tx_0001016,2025-06-14 09:47:26,AAPL,150.32,886.0,sell,NASDAQ
tx_0003894,2025-06-14 09:47:28,TSLA,712.82,494.0,sell,NASDAQ
tx_0009348,2025-06-14 09:47:30,ADBE,593.86,983.0,sell,NASDAQ
tx_0007249,2025-06-14 09:47:31,MA,348.53,734.0,buy,NYSE
tx_0009336,2025-06-14 09:47:34,PYPL,252.85,438.0,buy,NASDAQ
tx_0007973,2025-06-14 09:47:34,ADBE,595.59,22.0,sell,NASDAQ
tx_0000617,2025-06-14 09:47:35,ADBE,591.83,613.0,sell,NASDAQ
tx_0003490,2025-06-14 09:47:41,ADBE,597.64,286.0,sell,NASDAQ
tx_0000964,2025-06-14 09:47:42,WMT,140.61,913.0,sell,NYSE
tx_0005903,2025-06-14 09:47:44,DIS,179.96,144.0,sell,NYSE
tx_0002756,2025-06-14 09:47:51,TSLA,710.48,478.0,buy,NASDAQ
tx_0003325,2025-06-14 09:47:53,PG,138.78,709.0,,NYSE
tx_0004555,2025-06-14 09:47:55,MSFT,305.35,783.0,sell,NASDAQ
tx_0007268,2025-06-14 09:47:58,NVDA,200.8,38.0,buy,NASDAQ
tx_0006860,2025-06-14 09:47:59,PG,140.02,91.0,sell,NYSE
tx_0000548,2025-06-14 09:48:01,GOOGL,2810.61,660.0,sell,NASDAQ
tx_0004408,2025-06-14 09:48:03,BRK.B,281.62,830.0,buy,NYSE
tx_0009495,2025-06-14 09:48:04,TSLA,710.02,97.0,buy,NASDAQ
tx_0002483,2025-06-14 09:48:11,JNJ,167.87,175.0,buy,NYSE
tx_0009887,2025-06-14 09:48:13,JNJ,168.92,914.0,buy,NYSE
tx_0003149,2025-06-14 09:48:23,TSLA,708.02,752.0,sell,NASDAQ
tx_0000528,2025-06-14 09:48:26,PG,,392.0,buy,NYSE
tx_0006591,2025-06-14 09:48:29,ADBE,597.76,368.0,sell,NASDAQ
tx_0007648,2025-06-14 09:48:29,DIS,179.63,997.0,sell,NYSE
tx_0002043,2025-06-14 09:48:30,NVDA,200.49,516.0,sell,NASDAQ
tx_0004918,2025-06-14 09:48:31,MA,354.45,575.0,sell,NYSE
tx_0004656,2025-06-14 09:48:32,PEP,147.43,642.0,buy,NYSE
tx_0000218,2025-06-14 09:48:34,MSFT,306.9,647.0,buy,NASDAQ
tx_0005801,2025-06-14 09:48:36,FB,329.93,56.0,buy,NASDAQ
tx_0002469,2025-06-14 09:48:38,TSLA,710.36,49.0,buy,NASDAQ
tx_0000707,2025-06-14 09:48:39,FB,332.7,485.0,buy,NASDAQ
tx_0006313,2025-06-14 09:48:43,TSLA,712.33,143.0,buy,NASDAQ
tx_0001218,2025-06-14 09:48:43,NFLX,487.63,902.0,sell,NASDAQ
tx_0009296,2025-06-14 09:48:47,NFLX,493.63,971.0,buy,NASDAQ
tx_0008631,2025-06-14 09:48:48,MCD,251.92,819.0,sell,NYSE
tx_0003207,2025-06-14 09:48:51,PG,138.59,825.0,sell,NYSE
tx_0002367,2025-06-14 09:48:54,AMZN,3460.21,385.0,sell,NASDAQ
tx_0007164,2025-06-14 09:49:02,JNJ,166.59,931.0,sell,NYSE
tx_0004826,2025-06-14 09:49:04,AMZN,3507.25,84.0,sell,NASDAQ
tx_0000449,2025-06-14 09:49:07,FB,332.45,443.0,buy,NASDAQ
tx_0000112,2025-06-14 09:49:08,MCD,252.37,542.0,buy,NYSE
tx_0008528,2025-06-14 09:49:10,PYPL,249.62,978.0,sell,NASDAQ
tx_0007957,2025-06-14 09:49:13,AMZN,3517.0,108.0,sell,NASDAQ
tx_0000055,2025-06-14 09:49:14,AMZN,3495.96,663.0,buy,NASDAQ
tx_0005440,2025-06-14 09:49:14,KO,54.57,854.0,sell,NYSE
tx_0000649,2025-06-14 09:49:16,NFLX,496.23,291.0,buy,NASDAQ
tx_0004200,2025-06-14 09:49:16,MA,,471.0,sell,NYSE
tx_0009303,2025-06-14 09:49:17,BRK.B,282.23,312.0,sell,NYSE
tx_0009695,2025-06-14 09:49:17,FB,,396.0,sell,NASDAQ
tx_0006293,2025-06-14 09:49:17,PG,138.34,289.0,sell,NYSE
tx_0007189,2025-06-14 09:49:20,TSLA,706.62,889.0,buy,NASDAQ
tx_0009666,2025-06-14 09:49:23,MCD,251.96,563.0,buy,NYSE
tx_0006870,2025-06-14 09:49:27,V,220.92,429.0,buy,NYSE
tx_0004585,2025-06-14 09:49:28,TSLA,710.9,362.0,buy,NASDAQ
tx_0005068,2025-06-14 09:49:29,MCD,249.5,358.0,buy,NYSE
tx_0004771,2025-06-14 09:49:31,MCD,250.9,827.0,buy,NYSE
tx_0005815,2025-06-14 09:49:32,PEP,146.98,979.0,buy,NYSE
tx_0004030,2025-06-14 09:49:35,AMZN,3463.29,606.0,buy,NASDAQ
tx_0002494,2025-06-14 09:49:36,DIS,177.42,23.0,buy,NYSE
tx_0005645,2025-06-14 09:49:37,V,220.4,870.0,sell,NYSE
tx_0001612,2025-06-14 09:49:38,GOOGL,2843.97,107.0,sell,NASDAQ
tx_0006994,2025-06-14 09:49:39,DIS,179.73,39.0,buy,NYSE
tx_0000937,2025-06-14 09:49:40,FB,328.57,169.0,sell,NASDAQ
tx_0000641,2025-06-14 09:49:41,V,219.35,941.0,buy,NYSE
tx_0004079,2025-06-14 09:49:43,GOOGL,2830.88,606.0,sell,NASDAQ
tx_0004436,2025-06-14 09:49:43,BRK.B,279.96,220.0,buy,NYSE
tx_0008423,2025-06-14 09:49:46,NFLX,489.4,389.0,,NASDAQ
tx_0005613,2025-06-14 09:49:48,NVDA,201.76,91.0,sell,NASDAQ
tx_0003871,2025-06-14 09:49:52,MCD,249.31,12.0,sell,NYSE
tx_0002408,2025-06-14 09:49:53,JNJ,167.86,393.0,sell,NYSE
tx_0005571,2025-06-14 09:49:53,DIS,178.64,828.0,buy,NYSE
tx_0001061,2025-06-14 09:49:54,NFLX,487.92,487.0,sell,NASDAQ
tx_0008538,2025-06-14 09:49:59,GOOGL,2808.34,151.0,sell,NASDAQ
tx_0001905,2025-06-14 09:50:01,KO,53.71,315.0,sell,NYSE
tx_0007646,2025-06-14 09:50:02,MSFT,307.79,342.0,buy,NASDAQ
tx_0000740,2025-06-14 09:50:02,TSLA,719.11,44.0,buy,NASDAQ
tx_0000451,2025-06-14 09:50:03,WMT,140.88,144.0,sell,NYSE
tx_0004153,2025-06-14 09:50:04,ADBE,597.26,967.0,buy,NASDAQ
tx_0003240,2025-06-14 09:50:05,AAPL,150.47,172.0,sell,NASDAQ
tx_0004491,2025-06-14 09:50:08,AMZN,3488.43,469.0,buy,NASDAQ
tx_0008149,2025-06-14 09:50:10,NVDA,200.21,56.0,buy,NASDAQ
tx_0002476,2025-06-14 09:50:11,BRK.B,281.08,240.0,buy,NYSE
tx_0007991,2025-06-14 09:50:13,AAPL,150.57,440.0,sell,NASDAQ
tx_0004971,2025-06-14 09:50:13,MCD,248.17,466.0,buy,NYSE
tx_0003878,2025-06-14 09:50:13,AAPL,148.89,702.0,buy,NASDAQ
tx_0001824,2025-06-14 09:50:15,MCD,251.83,792.0,sell,NYSE
tx_0004779,2025-06-14 09:50:16,JNJ,167.73,650.0,sell,NYSE
tx_0006742,2025-06-14 09:50:19,FB,330.46,701.0,sell,NASDAQ
tx_0005350,2025-06-14 09:50:21,JNJ,167.88,13.0,buy,NYSE
tx_0002823,2025-06-14 09:50:24,ADBE,599.35,15.0,buy,NASDAQ
tx_0006444,2025-06-14 09:50:26,MSFT,307.49,709.0,sell,NASDAQ
tx_0005420,2025-06-14 09:50:26,NVDA,202.56,348.0,sell,NASDAQ
tx_0003328,2025-06-14 09:50:31,TSLA,706.1,222.0,sell,NASDAQ
tx_0008569,2025-06-14 09:50:35,WMT,140.88,550.0,buy,NYSE
tx_0001566,2025-06-14 09:50:35,DIS,179.83,955.0,sell,NYSE
tx_0009673,2025-06-14 09:50:35,DIS,177.98,75.0,sell,NYSE
tx_0004533,2025-06-14 09:50:38,BRK.B,282.95,599.0,buy,NYSE
tx_0007159,2025-06-14 09:50:39,MSFT,308.3,346.0,buy,NASDAQ
tx_0005610,2025-06-14 09:50:40,AMZN,3501.97,376.0,buy,NASDAQ
tx_0006810,2025-06-14 09:50:40,AMZN,3522.18,379.0,buy,NASDAQ
tx_0004735,2025-06-14 09:50:40,NVDA,201.23,563.0,sell,NASDAQ
tx_0000744,2025-06-14 09:50:44,V,216.89,202.0,buy,NYSE
tx_0009568,2025-06-14 09:50:48,FB,329.41,756.0,buy,NASDAQ
tx_0002338,2025-06-14 09:50:51,GOOGL,2810.04,723.0,sell,NASDAQ
tx_0004185,2025-06-14 09:50:51,ADBE,592.16,404.0,buy,NASDAQ
tx_0002779,2025-06-14 09:50:56,PYPL,248.06,771.0,sell,NASDAQ
tx_0006891,2025-06-14 09:50:56,AMZN,,838.0,buy,NASDAQ
tx_0008377,2025-06-14 09:50:57,PG,140.08,850.0,buy,NYSE
tx_0000142,2025-06-14 09:50:59,GOOGL,2809.48,171.0,sell,NASDAQ
tx_0000763,2025-06-14 09:51:00,DIS,180.98,635.0,buy,NYSE
tx_0004731,2025-06-14 09:51:05,MCD,250.72,280.0,buy,NYSE
tx_0003009,2025-06-14 09:51:14,V,218.73,441.0,buy,NYSE
tx_0003674,2025-06-14 09:51:15,PYPL,250.68,95.0,sell,NASDAQ
tx_0005727,2025-06-14 09:51:15,TSLA,706.98,499.0,sell,NASDAQ
tx_0007173,2025-06-14 09:51:15,MCD,248.76,733.0,buy,NYSE
tx_0003959,2025-06-14 09:51:16,JNJ,168.04,646.0,buy,
tx_0001664,2025-06-14 09:51:19,MSFT,305.87,918.0,sell,NASDAQ
tx_0007732,2025-06-14 09:51:19,JNJ,166.61,53.0,buy,NYSE
tx_0003847,2025-06-14 09:51:23,NVDA,199.12,171.0,sell,NASDAQ
tx_0000131,2025-06-14 09:51:26,AAPL,151.2,153.0,buy,NASDAQ
tx_0008105,2025-06-14 09:51:29,PG,139.82,556.0,buy,NYSE
tx_0007658,2025-06-14 09:51:29,KO,54.5,72.0,sell,NYSE
tx_0003296,2025-06-14 09:51:31,WMT,141.4,905.0,sell,NYSE
tx_0000970,2025-06-14 09:51:33,MCD,250.17,323.0,sell,NYSE
tx_0008792,2025-06-14 09:51:50,MSFT,310.0,918.0,buy,NASDAQ
tx_0007309,2025-06-14 09:51:53,PG,138.4,848.0,buy,NYSE
tx_0002067,2025-06-14 09:51:54,TSLA,705.32,109.0,sell,NASDAQ
tx_0000620,2025-06-14 09:51:58,FB,334.38,728.0,sell,NASDAQ
tx_0000804,2025-06-14 09:52:02,PEP,148.53,487.0,sell,NYSE
tx_0002310,2025-06-14 09:52:04,PG,140.38,465.0,sell,NYSE
tx_0007361,2025-06-14 09:52:05,TSLA,711.45,153.0,buy,NASDAQ
tx_0006403,2025-06-14 09:52:05,PG,139.9,252.0,buy,NYSE
tx_0005643,2025-06-14 09:52:10,NVDA,202.93,385.0,sell,NASDAQ
tx_0007581,2025-06-14 09:52:13,AMZN,3528.42,807.0,buy,NASDAQ
tx_0005315,2025-06-14 09:52:15,MSFT,309.33,590.0,buy,NASDAQ
tx_0002632,2025-06-14 09:52:18,WMT,140.74,884.0,sell,NYSE
tx_0007314,2025-06-14 09:52:18,V,216.68,723.0,sell,NYSE
tx_0009127,2025-06-14 09:52:18,MSFT,306.28,602.0,buy,NASDAQ
tx_0000338,2025-06-14 09:52:19,BRK.B,283.04,655.0,buy,NYSE
tx_0007620,2025-06-14 09:52:21,WMT,141.6,112.0,sell,NYSE
tx_0008305,2025-06-14 09:52:21,PG,137.74,14.0,sell,NYSE
tx_0004280,2025-06-14 09:52:21,FB,335.76,956.0,buy,NASDAQ
tx_0001101,2025-06-14 09:52:22,WMT,139.49,840.0,buy,NYSE
tx_0002088,2025-06-14 09:52:23,GOOGL,2853.08,262.0,buy,NASDAQ
tx_0004880,2025-06-14 09:52:24,MSFT,307.6,747.0,sell,NASDAQ
tx_0004538,2025-06-14 09:52:27,AAPL,148.75,822.0,buy,NASDAQ
tx_0002946,2025-06-14 09:52:29,MCD,249.66,953.0,sell,NYSE
tx_0001250,2025-06-14 09:52:31,GOOGL,2824.09,929.0,buy,NASDAQ
tx_0002780,2025-06-14 09:52:33,DIS,179.89,80.0,buy,NYSE
tx_0004955,2025-06-14 09:52:35,NVDA,202.85,166.0,sell,NASDAQ
tx_0008195,2025-06-14 09:52:37,BRK.B,282.31,637.0,sell,NYSE
tx_0001513,2025-06-14 09:52:39,MSFT,309.47,929.0,buy,NASDAQ
tx_0001717,2025-06-14 09:52:40,FB,335.55,841.0,sell,NASDAQ
tx_0002700,2025-06-14 09:52:41,ADBE,592.61,796.0,sell,NASDAQ
tx_0007887,2025-06-14 09:52:43,PYPL,248.37,111.0,buy,NASDAQ
tx_0000669,2025-06-14 09:52:43,V,217.65,529.0,sell,NYSE
tx_0001793,2025-06-14 09:52:44,AMZN,3489.01,844.0,buy,NASDAQ
tx_0004798,2025-06-14 09:52:46,PG,139.56,159.0,buy,NYSE
tx_0001624,2025-06-14 09:52:47,AAPL,148.27,214.0,buy,NASDAQ
tx_0005273,2025-06-14 09:52:52,BRK.B,280.74,318.0,buy,NYSE
tx_0004373,2025-06-14 09:52:53,TSLA,708.74,377.0,buy,NASDAQ
tx_0002141,2025-06-14 09:53:01,NVDA,200.75,180.0,buy,NASDAQ
tx_0008031,2025-06-14 09:53:04,PYPL,248.43,940.0,sell,NASDAQ
tx_0006660,2025-06-14 09:53:08,NFLX,493.0,525.0,buy,NASDAQ
tx_0007482,2025-06-14 09:53:11,MA,354.25,598.0,buy,NYSE
tx_0008698,2025-06-14 09:53:13,MA,353.51,740.0,buy,NYSE
tx_0009438,2025-06-14 09:53:15,FB,330.77,751.0,buy,NASDAQ
tx_0004066,2025-06-14 09:53:16,GOOGL,2834.67,353.0,sell,NASDAQ
tx_0003256,2025-06-14 09:53:17,KO,54.13,91.0,buy,NYSE
tx_0003253,2025-06-14 09:53:20,AAPL,148.9,417.0,sell,NASDAQ
tx_0008346,2025-06-14 09:53:23,AMZN,3495.71,670.0,buy,
tx_0009978,2025-06-14 09:53:23,DIS,180.47,14.0,buy,NYSE
tx_0008483,2025-06-14 09:53:24,MCD,251.48,870.0,buy,NYSE
tx_0003803,2025-06-14 09:53:25,GOOGL,2835.03,675.0,buy,NASDAQ
tx_0009464,2025-06-14 09:53:25,NFLX,488.57,681.0,sell,NASDAQ
tx_0009339,2025-06-14 09:53:28,DIS,179.68,8.0,sell,NYSE
tx_0000576,2025-06-14 09:53:30,NFLX,492.02,300.0,sell,NASDAQ
tx_0003910,2025-06-14 09:53:30,BRK.B,284.21,634.0,buy,NYSE
tx_0009923,2025-06-14 09:53:34,DIS,181.22,583.0,buy,NYSE
tx_0008753,2025-06-14 09:53:40,ADBE,591.82,463.0,buy,NASDAQ
tx_0000472,2025-06-14 09:53:45,MSFT,303.34,503.0,sell,NASDAQ
tx_0006441,2025-06-14 09:53:46,NFLX,495.19,699.0,buy,NASDAQ
tx_0000501,2025-06-14 09:53:48,WMT,138.91,570.0,sell,NYSE
tx_0002806,2025-06-14 09:53:52,MA,351.85,226.0,sell,NYSE
tx_0009554,2025-06-14 09:53:53,BRK.B,282.81,,sell,NYSE
tx_0005167,2025-06-14 09:53:54,PG,139.11,682.0,buy,NYSE
tx_0000391,2025-06-14 09:53:58,TSLA,709.03,460.0,buy,NASDAQ
tx_0007865,2025-06-14 09:53:58,DIS,180.04,597.0,sell,NYSE
tx_0007103,2025-06-14 09:53:58,JNJ,168.75,325.0,sell,NYSE
tx_0006148,2025-06-14 09:53:58,MCD,250.04,995.0,sell,NYSE
tx_0007025,2025-06-14 09:54:01,PG,138.5,301.0,sell,NYSE
tx_0003692,2025-06-14 09:54:03,BRK.B,280.38,300.0,buy,NYSE
tx_0006829,2025-06-14 09:54:03,PEP,146.57,503.0,sell,NYSE
tx_0004283,2025-06-14 09:54:08,V,213.89,,sell,NYSE
tx_0001685,2025-06-14 09:54:15,MCD,251.75,921.0,buy,NYSE
tx_0003427,2025-06-14 09:54:15,AMZN,3502.08,498.0,buy,NASDAQ
tx_0000989,2025-06-14 09:54:18,MCD,252.53,2.0,,NYSE
tx_0005439,2025-06-14 09:54:18,ADBE,586.59,58.0,sell,NASDAQ
tx_0008873,2025-06-14 09:54:19,JNJ,166.89,349.0,sell,NYSE
tx_0003977,2025-06-14 09:54:22,BRK.B,284.16,562.0,,NYSE
tx_0006592,2025-06-14 09:54:23,PG,137.8,727.0,buy,NYSE
tx_0002330,2025-06-14 09:54:23,AMZN,3534.56,297.0,buy,NASDAQ
tx_0009005,2025-06-14 09:54:24,WMT,139.48,423.0,buy,NYSE
tx_0009210,2025-06-14 09:54:24,JNJ,167.78,921.0,buy,NYSE
tx_0004440,2025-06-14 09:54:25,FB,333.31,789.0,sell,NASDAQ
tx_0006093,2025-06-14 09:54:29,WMT,140.95,784.0,buy,NYSE
tx_0001409,2025-06-14 09:54:30,GOOGL,2843.83,391.0,buy,NASDAQ
tx_0007242,2025-06-14 09:54:34,FB,335.42,64.0,sell,NASDAQ
tx_0003726,2025-06-14 09:54:34,FB,336.39,329.0,buy,NASDAQ
tx_0006341,2025-06-14 09:54:36,DIS,180.65,955.0,buy,NYSE
tx_0002247,2025-06-14 09:54:39,DIS,178.77,796.0,sell,NYSE
tx_0002999,2025-06-14 09:54:41,KO,53.82,997.0,buy,NYSE
tx_0008046,2025-06-14 09:54:43,MSFT,308.17,27.0,buy,NASDAQ
tx_0001897,2025-06-14 09:54:43,NFLX,489.53,638.0,buy,NASDAQ
tx_0006523,2025-06-14 09:54:47,PG,137.78,185.0,sell,NYSE
tx_0006512,2025-06-14 09:54:47,TSLA,716.12,388.0,buy,NASDAQ
tx_0006514,2025-06-14 09:54:52,NVDA,201.59,373.0,buy,NASDAQ
tx_0004700,2025-06-14 09:54:57,TSLA,708.17,547.0,buy,NASDAQ
tx_0002215,2025-06-14 09:55:03,FB,333.53,268.0,sell,NASDAQ
tx_0000597,2025-06-14 09:55:04,GOOGL,2881.05,334.0,sell,NASDAQ
tx_0000706,2025-06-14 09:55:08,PYPL,249.55,495.0,buy,NASDAQ
tx_0006338,2025-06-14 09:55:09,BRK.B,280.01,34.0,buy,NYSE
tx_0006747,2025-06-14 09:55:09,PYPL,250.84,941.0,buy,NASDAQ
tx_0002730,2025-06-14 09:55:12,NVDA,200.6,762.0,sell,NASDAQ
tx_0003105,2025-06-14 09:55:14,V,214.35,560.0,sell,NYSE
tx_0001814,2025-06-14 09:55:19,TSLA,712.78,241.0,buy,NASDAQ
tx_0006695,2025-06-14 09:55:19,TSLA,709.48,31.0,buy,NASDAQ
tx_0006247,2025-06-14 09:55:22,MCD,249.42,716.0,sell,NYSE
tx_0004959,2025-06-14 09:55:22,NVDA,199.27,849.0,buy,NASDAQ
tx_0006724,2025-06-14 09:55:30,WMT,139.58,984.0,sell,NYSE
tx_0009257,2025-06-14 09:55:33,MCD,252.05,246.0,buy,NYSE
tx_0003557,2025-06-14 09:55:34,BRK.B,279.72,30.0,sell,NYSE
tx_0000023,2025-06-14 09:55:38,NFLX,492.55,808.0,buy,NASDAQ
tx_0004648,2025-06-14 09:55:41,ADBE,585.15,56.0,sell,NASDAQ
tx_0000354,2025-06-14 09:55:42,PYPL,249.66,4.0,sell,NASDAQ
tx_0009803,2025-06-14 09:55:43,FB,332.77,266.0,buy,NASDAQ
tx_0007936,2025-06-14 09:55:46,KO,54.24,734.0,sell,NYSE
tx_0004225,2025-06-14 09:55:54,NVDA,203.56,587.0,sell,NASDAQ
tx_0009873,2025-06-14 09:55:55,AMZN,3545.87,591.0,sell,NASDAQ
tx_0007921,2025-06-14 09:55:58,FB,335.55,751.0,sell,NASDAQ
tx_0003493,2025-06-14 09:56:01,NVDA,200.33,62.0,sell,NASDAQ
tx_0000745,2025-06-14 09:56:08,JNJ,169.98,655.0,buy,NYSE
tx_0006600,2025-06-14 09:56:11,V,216.49,15.0,buy,NYSE
tx_0000341,2025-06-14 09:56:11,AMZN,3519.24,459.0,sell,NASDAQ
tx_0000718,2025-06-14 09:56:14,AMZN,3496.18,565.0,buy,NASDAQ
tx_0002358,2025-06-14 09:56:15,MCD,251.24,273.0,buy,NYSE
tx_0009436,2025-06-14 09:56:17,NVDA,200.85,335.0,sell,NASDAQ
tx_0005134,2025-06-14 09:56:18,TSLA,717.28,528.0,buy,NASDAQ
tx_0000851,2025-06-14 09:56:21,GOOGL,2862.91,275.0,sell,NASDAQ
tx_0000395,2025-06-14 09:56:23,DIS,178.03,882.0,buy,NYSE
tx_0009995,2025-06-14 09:56:26,JNJ,169.12,690.0,sell,NYSE
tx_0003391,2025-06-14 09:56:26,PYPL,248.68,684.0,buy,NASDAQ
tx_0005791,2025-06-14 09:56:34,MA,352.55,429.0,sell,NYSE
tx_0004152,2025-06-14 09:56:35,MSFT,309.56,755.0,buy,NASDAQ
tx_0001602,2025-06-14 09:56:37,BRK.B,281.72,390.0,buy,NYSE
tx_0003998,2025-06-14 09:56:38,DIS,181.29,793.0,sell,NYSE
tx_0003420,2025-06-14 09:56:38,PEP,146.38,718.0,sell,NYSE
tx_0001785,2025-06-14 09:56:41,DIS,179.35,211.0,buy,NYSE
tx_0002397,2025-06-14 09:56:42,NVDA,203.89,862.0,sell,NASDAQ
tx_0004379,2025-06-14 09:56:46,MCD,253.45,420.0,sell,NYSE
tx_0003525,2025-06-14 09:56:50,MA,356.59,966.0,buy,NYSE
tx_0006796,2025-06-14 09:57:00,PEP,148.22,609.0,buy,NYSE
tx_0007628,2025-06-14 09:57:10,MSFT,305.91,387.0,sell,NASDAQ
tx_0005794,2025-06-14 09:57:19,WMT,140.56,563.0,sell,NYSE
tx_0000068,2025-06-14 09:57:20,AAPL,150.71,305.0,buy,NASDAQ
tx_0000656,2025-06-14 09:57:21,DIS,178.27,659.0,buy,NYSE
tx_0002852,2025-06-14 09:57:21,JNJ,167.57,393.0,buy,NYSE
tx_0008681,2025-06-14 09:57:21,ADBE,582.4,281.0,buy,NASDAQ
tx_0008925,2025-06-14 09:57:22,NFLX,488.12,451.0,buy,NASDAQ
tx_0002194,2025-06-14 09:57:23,FB,330.83,509.0,buy,NASDAQ
tx_0000325,2025-06-14 09:57:23,ADBE,587.79,977.0,sell,NASDAQ
tx_0004941,2025-06-14 09:57:24,GOOGL,2865.18,699.0,buy,NASDAQ
tx_0003054,2025-06-14 09:57:26,PEP,146.49,610.0,sell,NYSE
tx_0008258,2025-06-14 09:57:33,GOOGL,2832.45,24.0,buy,NASDAQ
tx_0005867,2025-06-14 09:57:33,GOOGL,2842.12,966.0,sell,NASDAQ
tx_0003914,2025-06-14 09:57:35,AAPL,147.89,599.0,sell,NASDAQ
tx_0008537,2025-06-14 09:57:35,PEP,148.78,401.0,sell,NYSE
tx_0002150,2025-06-14 09:57:36,MSFT,307.73,725.0,sell,NASDAQ
tx_0000103,2025-06-14 09:57:37,MA,349.45,189.0,buy,NYSE
tx_0001436,2025-06-14 09:57:40,BRK.B,277.61,644.0,buy,NYSE
tx_0000555,2025-06-14 09:57:43,PG,139.08,871.0,sell,NYSE
tx_0008177,2025-06-14 09:57:46,GOOGL,2837.77,177.0,sell,NASDAQ
tx_0009428,2025-06-14 09:57:48,AMZN,3472.63,410.0,buy,NASDAQ
tx_0008845,2025-06-14 09:57:49,MCD,255.01,932.0,buy,NYSE
tx_0005511,2025-06-14 09:57:54,FB,330.98,718.0,sell,NASDAQ
tx_0007623,2025-06-14 09:58:01,GOOGL,2827.69,911.0,sell,NASDAQ
tx_0005407,2025-06-14 09:58:02,WMT,141.45,796.0,sell,NYSE
tx_0000711,2025-06-14 09:58:09,GOOGL,2866.76,837.0,sell,NASDAQ
tx_0004165,2025-06-14 09:58:11,AMZN,3485.93,538.0,sell,NASDAQ
tx_0007733,2025-06-14 09:58:15,PG,140.29,119.0,buy,NYSE
tx_0001329,2025-06-14 09:58:16,NVDA,200.81,455.0,buy,NASDAQ
tx_0002676,2025-06-14 09:58:21,MA,352.09,680.0,sell,NYSE
tx_0005169,2025-06-14 09:58:28,FB,332.66,760.0,sell,NASDAQ
tx_0002173,2025-06-14 09:58:29,V,214.87,504.0,sell,NYSE
tx_0004837,2025-06-14 09:58:33,AAPL,148.56,635.0,buy,NASDAQ
tx_0007265,2025-06-14 09:58:33,WMT,141.43,245.0,buy,NYSE
tx_0003283,2025-06-14 09:58:34,BRK.B,277.4,703.0,buy,NYSE
tx_0007556,2025-06-14 09:58:36,MCD,254.14,878.0,buy,NYSE
tx_0002488,2025-06-14 09:58:42,TSLA,707.72,171.0,buy,NASDAQ
tx_0002146,2025-06-14 09:58:46,MCD,253.26,988.0,buy,NYSE
tx_0006637,2025-06-14 09:58:47,MCD,251.63,590.0,,NYSE
tx_0000840,2025-06-14 09:58:50,AAPL,148.51,671.0,buy,NASDAQ
tx_0004777,2025-06-14 09:59:04,ADBE,590.72,259.0,sell,NASDAQ
tx_0004189,2025-06-14 09:59:04,BRK.B,280.1,610.0,sell,NYSE
tx_0003856,2025-06-14 09:59:07,WMT,140.06,464.0,sell,NYSE
tx_0003263,2025-06-14 09:59:11,V,216.39,943.0,buy,NYSE
tx_0006782,2025-06-14 09:59:13,MCD,254.73,177.0,buy,NYSE
tx_0000184,2025-06-14 09:59:20,FB,333.22,677.0,sell,NASDAQ
tx_0005061,2025-06-14 09:59:21,NFLX,491.05,876.0,buy,NASDAQ
tx_0002136,2025-06-14 09:59:26,FB,334.37,485.0,sell,NASDAQ
tx_0002288,2025-06-14 09:59:26,KO,53.78,969.0,sell,NYSE
tx_0001923,2025-06-14 09:59:30,PG,138.49,888.0,sell,NYSE
tx_0006428,2025-06-14 09:59:36,FB,332.1,752.0,buy,NASDAQ
tx_0005885,2025-06-14 09:59:41,PG,139.18,612.0,buy,NYSE
tx_0003662,2025-06-14 09:59:47,ADBE,586.02,83.0,sell,NASDAQ
tx_0000705,2025-06-14 09:59:58,TSLA,710.61,209.0,buy,NASDAQ
tx_0003280,2025-06-14 10:00:03,FB,331.14,593.0,sell,NASDAQ
tx_0004848,2025-06-14 10:00:03,TSLA,709.38,878.0,sell,NASDAQ
tx_0001389,2025-06-14 10:00:04,DIS,181.2,199.0,buy,NYSE
tx_0002105,2025-06-14 10:00:08,TSLA,710.69,594.0,sell,NASDAQ
tx_0006018,2025-06-14 10:00:14,DIS,181.51,354.0,sell,NYSE
tx_0004186,2025-06-14 10:00:15,JNJ,169.2,238.0,sell,NYSE
tx_0003862,2025-06-14 10:00:16,TSLA,714.98,790.0,buy,NASDAQ
tx_0007269,2025-06-14 10:00:20,V,215.34,21.0,sell,NYSE
tx_0006379,2025-06-14 10:00:22,PG,137.86,209.0,buy,NYSE
tx_0006983,2025-06-14 10:00:25,BRK.B,280.74,888.0,sell,NYSE
tx_0003383,2025-06-14 10:00:28,BRK.B,280.03,315.0,sell,NYSE
tx_0006284,2025-06-14 10:00:28,AAPL,147.58,542.0,sell,NASDAQ
tx_0009733,2025-06-14 10:00:29,MSFT,307.13,379.0,buy,NASDAQ
tx_0004437,2025-06-14 10:00:29,JNJ,168.37,31.0,sell,NYSE
tx_0000087,2025-06-14 10:00:30,MSFT,306.16,939.0,sell,NASDAQ
tx_0000598,2025-06-14 10:00:30,ADBE,591.14,499.0,sell,NASDAQ
tx_0005528,2025-06-14 10:00:34,DIS,178.51,678.0,sell,NYSE
tx_0006216,2025-06-14 10:00:39,PEP,149.67,510.0,sell,NYSE
tx_0007358,2025-06-14 10:00:44,JNJ,169.0,733.0,buy,NYSE
tx_0009191,2025-06-14 10:00:44,MA,346.16,699.0,sell,NYSE
tx_0002840,2025-06-14 10:00:45,V,216.67,5.0,sell,NYSE
tx_0000062,2025-06-14 10:00:47,JNJ,169.19,484.0,sell,NYSE
tx_0009665,2025-06-14 10:00:50,WMT,141.19,262.0,buy,NYSE
tx_0009520,2025-06-14 10:00:54,PYPL,246.98,481.0,sell,NASDAQ
tx_0003725,2025-06-14 10:00:54,WMT,142.39,26.0,sell,NYSE
tx_0004479,2025-06-14 10:00:57,AAPL,148.34,880.0,buy,NASDAQ
tx_0003112,2025-06-14 10:00:57,WMT,142.51,570.0,sell,NYSE
tx_0005988,2025-06-14 10:01:02,MCD,253.23,485.0,buy,NYSE
tx_0006856,2025-06-14 10:01:02,MSFT,306.64,665.0,buy,NASDAQ
tx_0000783,2025-06-14 10:01:04,BRK.B,280.69,741.0,buy,NYSE
tx_0001150,2025-06-14 10:01:05,MSFT,304.95,92.0,sell,NASDAQ
tx_0000441,2025-06-14 10:01:07,V,,10.0,buy,NYSE
tx_0001050,2025-06-14 10:01:09,GOOGL,2826.87,504.0,buy,NASDAQ
tx_0008330,2025-06-14 10:01:12,V,217.53,765.0,buy,NYSE
tx_0003730,2025-06-14 10:01:12,PEP,148.82,774.0,sell,NYSE
tx_0003335,2025-06-14 10:01:15,PEP,147.71,291.0,sell,NYSE
tx_0008448,2025-06-14 10:01:15,MSFT,308.91,436.0,buy,NASDAQ
tx_0005695,2025-06-14 10:01:16,TSLA,715.81,937.0,buy,NASDAQ
tx_0006586,2025-06-14 10:01:20,TSLA,713.65,774.0,sell,NASDAQ
tx_0000652,2025-06-14 10:01:21,GOOGL,2841.86,448.0,buy,NASDAQ
tx_0009412,2025-06-14 10:01:25,FB,329.54,478.0,sell,NASDAQ
tx_0000659,2025-06-14 10:01:26,MSFT,304.48,513.0,sell,NASDAQ
tx_0003158,2025-06-14 10:01:30,MA,348.72,9.0,buy,NYSE
tx_0006837,2025-06-14 10:01:30,WMT,140.53,77.0,buy,NYSE
tx_0008248,2025-06-14 10:01:33,PEP,148.82,962.0,sell,NYSE
tx_0005836,2025-06-14 10:01:37,PG,137.86,516.0,buy,NYSE
tx_0008807,2025-06-14 10:01:37,GOOGL,2850.64,288.0,sell,NASDAQ
tx_0000298,2025-06-14 10:01:40,BRK.B,277.82,339.0,sell,NYSE
tx_0002787,2025-06-14 10:01:47,ADBE,594.09,912.0,sell,NASDAQ
tx_0006169,2025-06-14 10:01:49,NVDA,201.76,298.0,buy,NASDAQ
tx_0009969,2025-06-14 10:01:50,ADBE,584.18,600.0,buy,NASDAQ
tx_0000454,2025-06-14 10:01:50,KO,54.36,459.0,sell,NYSE
tx_0006092,2025-06-14 10:01:51,KO,53.92,501.0,sell,NYSE
tx_0009380,2025-06-14 10:01:53,KO,54.49,242.0,buy,NYSE
tx_0009278,2025-06-14 10:01:55,JNJ,167.03,858.0,buy,NYSE
tx_0008580,2025-06-14 10:01:57,NFLX,492.18,810.0,sell,NASDAQ
tx_0000755,2025-06-14 10:01:59,MCD,252.45,954.0,buy,NYSE
tx_0005681,2025-06-14 10:01:59,BRK.B,278.18,127.0,sell,NYSE
tx_0007961,2025-06-14 10:02:00,MA,346.28,414.0,sell,NYSE
tx_0003374,2025-06-14 10:02:07,GOOGL,2855.43,951.0,buy,NASDAQ
tx_0006723,2025-06-14 10:02:10,AMZN,3479.02,607.0,buy,NASDAQ
tx_0001799,2025-06-14 10:02:11,TSLA,722.15,823.0,sell,NASDAQ
tx_0008011,2025-06-14 10:02:12,FB,332.54,714.0,sell,NASDAQ
tx_0000775,2025-06-14 10:02:13,PG,140.3,8.0,buy,NYSE
tx_0008708,2025-06-14 10:02:17,WMT,141.82,823.0,sell,NYSE
tx_0006343,2025-06-14 10:02:17,MA,343.85,964.0,sell,NYSE
tx_0009022,2025-06-14 10:02:19,JNJ,167.75,724.0,buy,NYSE
tx_0008441,2025-06-14 10:02:20,NVDA,203.72,673.0,buy,NASDAQ
tx_0001756,2025-06-14 10:02:22,DIS,180.67,852.0,buy,NYSE
tx_0008246,2025-06-14 10:02:24,PEP,149.46,372.0,buy,NYSE
tx_0008588,2025-06-14 10:02:24,BRK.B,280.88,474.0,buy,NYSE
tx_0001654,2025-06-14 10:02:24,KO,54.31,991.0,buy,NYSE
tx_0008169,2025-06-14 10:02:26,AAPL,147.84,856.0,sell,NASDAQ
tx_0008978,2025-06-14 10:02:26,AMZN,3476.48,193.0,sell,NASDAQ
tx_0007566,2025-06-14 10:02:29,ADBE,591.07,332.0,sell,NASDAQ
tx_0003470,2025-06-14 10:02:32,KO,54.5,800.0,sell,NYSE
tx_0006689,2025-06-14 10:02:43,MCD,253.12,239.0,buy,NYSE
tx_0004101,2025-06-14 10:02:43,FB,332.34,946.0,buy,NASDAQ
tx_0004471,2025-06-14 10:02:43,NVDA,203.14,259.0,buy,NASDAQ
tx_0006878,2025-06-14 10:02:45,NVDA,200.81,349.0,buy,NASDAQ
tx_0001280,2025-06-14 10:03:00,KO,54.14,286.0,sell,NYSE
tx_0005416,2025-06-14 10:03:01,BRK.B,276.83,743.0,sell,NYSE
tx_0009956,2025-06-14 10:03:02,MSFT,305.48,491.0,sell,NASDAQ
tx_0007565,2025-06-14 10:03:03,PEP,149.05,555.0,sell,NYSE
tx_0009831,2025-06-14 10:03:05,DIS,181.86,979.0,sell,NYSE
tx_0002826,2025-06-14 10:03:06,AAPL,147.71,909.0,buy,NASDAQ
tx_0002418,2025-06-14 10:03:06,MCD,256.03,526.0,buy,NYSE
tx_0004371,2025-06-14 10:03:10,DIS,181.28,109.0,sell,NYSE
tx_0002430,2025-06-14 10:03:12,PYPL,245.78,418.0,buy,NASDAQ
tx_0007190,2025-06-14 10:03:13,MSFT,307.05,871.0,sell,
tx_0000286,2025-06-14 10:03:13,V,217.58,572.0,sell,NYSE
tx_0001344,2025-06-14 10:03:14,GOOGL,2880.16,722.0,sell,NASDAQ
tx_0002111,2025-06-14 10:03:24,PYPL,246.09,926.0,sell,NASDAQ
tx_0002672,2025-06-14 10:03:25,AAPL,148.76,496.0,sell,NASDAQ
tx_0001524,2025-06-14 10:03:30,GOOGL,2840.97,301.0,buy,NASDAQ
tx_0006317,2025-06-14 10:03:30,NFLX,489.16,163.0,buy,NASDAQ
tx_0000905,2025-06-14 10:03:32,TSLA,722.12,938.0,sell,NASDAQ
tx_0005223,2025-06-14 10:03:33,ADBE,585.45,931.0,sell,NASDAQ
tx_0003365,2025-06-14 10:03:33,WMT,142.12,537.0,sell,NYSE
tx_0004416,2025-06-14 10:03:34,PEP,147.52,950.0,sell,NYSE
tx_0002985,2025-06-14 10:03:35,WMT,143.08,675.0,sell,NYSE
tx_0004802,2025-06-14 10:03:40,MCD,256.96,272.0,sell,NYSE
tx_0007790,2025-06-14 10:03:43,AMZN,3468.53,700.0,sell,NASDAQ
tx_0007191,2025-06-14 10:03:45,TSLA,717.97,,sell,NASDAQ
tx_0007129,2025-06-14 10:03:52,PG,138.33,967.0,sell,NYSE
tx_0005665,2025-06-14 10:03:53,MA,345.19,526.0,buy,NYSE
tx_0004374,2025-06-14 10:03:53,GOOGL,2881.73,81.0,sell,NASDAQ
tx_0004905,2025-06-14 10:03:54,AAPL,146.06,903.0,sell,NASDAQ
tx_0008567,2025-06-14 10:03:55,GOOGL,2867.75,757.0,buy,NASDAQ
tx_0007857,2025-06-14 10:03:56,ADBE,591.94,561.0,sell,NASDAQ
tx_0005962,2025-06-14 10:03:57,WMT,141.27,732.0,buy,NYSE
tx_0008563,2025-06-14 10:03:59,AAPL,147.04,827.0,buy,NASDAQ
tx_0003984,2025-06-14 10:04:03,DIS,178.82,881.0,buy,NYSE
tx_0000499,2025-06-14 10:04:05,NVDA,201.97,471.0,sell,NASDAQ
tx_0003191,2025-06-14 10:04:07,V,216.06,249.0,buy,NYSE
tx_0003889,2025-06-14 10:04:07,FB,329.34,583.0,buy,NASDAQ
tx_0002592,2025-06-14 10:04:09,PEP,147.25,182.0,buy,NYSE
tx_0008860,2025-06-14 10:04:10,FB,331.41,633.0,sell,NASDAQ
tx_0009328,2025-06-14 10:04:20,JNJ,171.33,434.0,buy,NYSE
tx_0005388,2025-06-14 10:04:25,JNJ,170.35,737.0,buy,NYSE
tx_0008035,2025-06-14 10:04:29,ADBE,582.21,663.0,sell,NASDAQ
tx_0005191,2025-06-14 10:04:34,TSLA,717.03,382.0,sell,NASDAQ
tx_0006905,2025-06-14 10:04:37,GOOGL,2843.05,292.0,sell,NASDAQ
tx_0008969,2025-06-14 10:04:40,V,215.0,774.0,buy,NYSE
tx_0007231,2025-06-14 10:04:40,PYPL,247.56,279.0,sell,NASDAQ
tx_0009144,2025-06-14 10:04:41,KO,54.22,646.0,sell,NYSE
tx_0004387,2025-06-14 10:04:43,MSFT,307.05,374.0,sell,NASDAQ
tx_0007196,2025-06-14 10:04:45,NVDA,201.05,620.0,sell,NASDAQ
tx_0007145,2025-06-14 10:04:46,DIS,180.4,821.0,sell,NYSE
tx_0005635,2025-06-14 10:04:48,MSFT,311.85,363.0,buy,NASDAQ
tx_0002921,2025-06-14 10:04:49,ADBE,587.7,501.0,buy,NASDAQ
tx_0008738,2025-06-14 10:04:52,AMZN,3469.41,432.0,buy,NASDAQ
tx_0000557,2025-06-14 10:04:54,BRK.B,280.83,970.0,sell,NYSE
tx_0009214,2025-06-14 10:04:54,MSFT,309.34,862.0,sell,NASDAQ
tx_0006043,2025-06-14 10:04:55,DIS,180.0,950.0,sell,NYSE
tx_0009186,2025-06-14 10:04:57,GOOGL,2863.58,921.0,sell,NASDAQ
tx_0006587,2025-06-14 10:04:59,PYPL,249.5,638.0,buy,NASDAQ
tx_0006369,2025-06-14 10:04:59,PG,137.88,931.0,buy,NYSE
tx_0003218,2025-06-14 10:05:02,AMZN,3473.78,578.0,buy,NASDAQ
tx_0000321,2025-06-14 10:05:02,NVDA,200.22,106.0,sell,NASDAQ
tx_0004061,2025-06-14 10:05:06,WMT,140.68,942.0,sell,NYSE
tx_0009622,2025-06-14 10:05:08,NVDA,201.51,677.0,buy,NASDAQ
tx_0003751,2025-06-14 10:05:08,AMZN,3498.42,657.0,sell,NASDAQ
tx_0004124,2025-06-14 10:05:09,DIS,179.95,561.0,buy,NYSE
tx_0008665,2025-06-14 10:05:13,V,218.36,476.0,buy,NYSE
tx_0006993,2025-06-14 10:05:27,BRK.B,280.92,662.0,sell,NYSE
tx_0000463,2025-06-14 10:05:34,MSFT,307.26,689.0,buy,NASDAQ
tx_0006227,2025-06-14 10:05:38,PG,137.14,617.0,buy,NYSE
tx_0000269,2025-06-14 10:05:39,PYPL,246.66,79.0,buy,NASDAQ
tx_0007619,2025-06-14 10:05:39,PEP,149.35,621.0,buy,NYSE
tx_0006193,2025-06-14 10:05:41,AAPL,146.93,666.0,buy,NASDAQ
tx_0001123,2025-06-14 10:05:46,MSFT,311.63,683.0,sell,NASDAQ
tx_0005041,2025-06-14 10:05:49,PG,138.67,209.0,buy,NYSE
tx_0008747,2025-06-14 10:05:50,V,214.55,406.0,sell,NYSE
tx_0001893,2025-06-14 10:05:51,PYPL,249.52,820.0,buy,NASDAQ
tx_0004320,2025-06-14 10:05:52,KO,53.81,91.0,sell,NYSE
tx_0002033,2025-06-14 10:05:54,WMT,143.12,877.0,sell,NYSE
tx_0001336,2025-06-14 10:05:55,MCD,254.82,411.0,buy,NYSE
tx_0001448,2025-06-14 10:05:59,PEP,146.67,205.0,buy,NYSE
tx_0008534,2025-06-14 10:06:01,AAPL,147.55,758.0,sell,NASDAQ
tx_0005343,2025-06-14 10:06:01,FB,332.9,657.0,buy,NASDAQ
tx_0006773,2025-06-14 10:06:02,BRK.B,280.18,85.0,sell,NYSE
tx_0007253,2025-06-14 10:06:04,AAPL,146.88,970.0,buy,NASDAQ
tx_0008191,2025-06-14 10:06:06,GOOGL,2880.71,896.0,buy,NASDAQ
tx_0000166,2025-06-14 10:06:08,MA,342.58,47.0,sell,NYSE
tx_0009251,2025-06-14 10:06:11,TSLA,718.86,942.0,buy,NASDAQ
tx_0007831,2025-06-14 10:06:13,WMT,142.89,130.0,sell,NYSE
tx_0000947,2025-06-14 10:06:16,JNJ,169.27,550.0,sell,NYSE
tx_0003056,2025-06-14 10:06:27,KO,54.33,720.0,buy,NYSE
tx_0003417,2025-06-14 10:06:30,ADBE,583.4,203.0,buy,NASDAQ
tx_0004182,2025-06-14 10:06:36,MCD,257.58,878.0,buy,NYSE
tx_0000110,2025-06-14 10:06:38,FB,335.28,969.0,buy,NASDAQ
tx_0002768,2025-06-14 10:06:39,PEP,147.41,357.0,buy,NYSE
tx_0002104,2025-06-14 10:06:41,TSLA,722.62,712.0,sell,NASDAQ
tx_0000866,2025-06-14 10:06:41,PG,138.26,565.0,buy,NYSE
tx_0006111,2025-06-14 10:06:43,AMZN,3489.95,110.0,sell,NASDAQ
tx_0009707,2025-06-14 10:06:45,ADBE,580.69,422.0,sell,NASDAQ
tx_0007583,2025-06-14 10:06:46,NFLX,484.89,951.0,buy,NASDAQ
tx_0000375,2025-06-14 10:06:46,PEP,147.18,807.0,buy,NYSE
tx_0006833,2025-06-14 10:06:47,PG,137.97,287.0,buy,NYSE
tx_0009456,2025-06-14 10:06:47,DIS,180.18,615.0,sell,NYSE
tx_0007094,2025-06-14 10:06:48,KO,54.05,6.0,sell,NYSE
tx_0007996,2025-06-14 10:06:48,GOOGL,2863.89,513.0,buy,NASDAQ
tx_0002352,2025-06-14 10:06:50,KO,53.6,,buy,NYSE
tx_0002747,2025-06-14 10:06:52,NVDA,201.14,514.0,sell,NASDAQ
tx_0005676,2025-06-14 10:06:55,NFLX,491.52,663.0,buy,NASDAQ
tx_0004276,2025-06-14 10:06:58,DIS,182.06,510.0,sell,NYSE
tx_0008810,2025-06-14 10:07:02,MSFT,308.05,847.0,sell,NASDAQ
tx_0007064,2025-06-14 10:07:06,NFLX,485.28,804.0,sell,NASDAQ
tx_0009205,2025-06-14 10:07:08,WMT,140.96,18.0,sell,NYSE
tx_0004958,2025-06-14 10:07:09,PEP,148.35,588.0,buy,NYSE
tx_0007421,2025-06-14 10:07:13,JNJ,170.79,176.0,sell,NYSE
tx_0008229,2025-06-14 10:07:18,KO,53.95,471.0,sell,NYSE
tx_0003458,2025-06-14 10:07:24,V,217.35,183.0,sell,NYSE
tx_0006085,2025-06-14 10:07:25,AMZN,3443.34,471.0,buy,NASDAQ
tx_0008882,2025-06-14 10:07:26,NVDA,202.14,625.0,buy,NASDAQ
tx_0001482,2025-06-14 10:07:27,FB,331.12,702.0,sell,NASDAQ
tx_0001366,2025-06-14 10:07:29,NFLX,490.49,123.0,buy,NASDAQ
tx_0005096,2025-06-14 10:07:32,V,216.75,681.0,buy,NYSE
tx_0007656,2025-06-14 10:07:34,AMZN,3463.02,806.0,buy,NASDAQ
tx_0001111,2025-06-14 10:07:36,GOOGL,2830.37,724.0,,NASDAQ
tx_0008091,2025-06-14 10:07:36,GOOGL,2847.1,100.0,buy,NASDAQ
tx_0009943,2025-06-14 10:07:36,MCD,258.05,309.0,buy,NYSE
tx_0007058,2025-06-14 10:07:38,NFLX,491.57,282.0,buy,NASDAQ
tx_0000520,2025-06-14 10:07:45,MCD,257.27,6.0,sell,NYSE
tx_0003757,2025-06-14 10:07:46,V,213.84,711.0,sell,NYSE
tx_0003067,2025-06-14 10:07:54,AMZN,3521.27,521.0,buy,NASDAQ
tx_0001178,2025-06-14 10:07:54,ADBE,576.31,54.0,sell,NASDAQ
tx_0003502,2025-06-14 10:08:00,MA,347.86,919.0,buy,NYSE
tx_0009071,2025-06-14 10:08:01,PEP,147.9,863.0,sell,NYSE
tx_0002860,2025-06-14 10:08:02,GOOGL,2840.29,641.0,buy,NASDAQ
tx_0008542,2025-06-14 10:08:05,GOOGL,2839.38,282.0,buy,NASDAQ
tx_0002386,2025-06-14 10:08:12,PEP,148.92,568.0,buy,NYSE
tx_0005212,2025-06-14 10:08:12,JNJ,170.14,83.0,buy,NYSE
tx_0004149,2025-06-14 10:08:14,AMZN,3500.62,307.0,sell,NASDAQ
tx_0000049,2025-06-14 10:08:14,MA,342.63,894.0,sell,NYSE
tx_0005830,2025-06-14 10:08:15,WMT,143.79,201.0,sell,NYSE
tx_0000165,2025-06-14 10:08:16,KO,53.47,394.0,sell,NYSE
tx_0009732,2025-06-14 10:08:17,BRK.B,279.17,298.0,sell,NYSE
tx_0006574,2025-06-14 10:08:23,JNJ,171.69,886.0,sell,NYSE
tx_0009313,2025-06-14 10:08:24,AAPL,146.23,810.0,sell,NASDAQ
tx_0001202,2025-06-14 10:08:26,MCD,258.65,262.0,sell,NYSE
tx_0002353,2025-06-14 10:08:28,PG,137.43,325.0,buy,NYSE
tx_0004150,2025-06-14 10:08:30,JNJ,171.62,788.0,sell,NYSE
tx_0008740,2025-06-14 10:08:32,BRK.B,280.83,66.0,sell,NYSE
tx_0002321,2025-06-14 10:08:33,KO,54.39,229.0,sell,NYSE
tx_0000333,2025-06-14 10:08:37,MCD,257.29,526.0,buy,NYSE
tx_0004210,2025-06-14 10:08:37,WMT,141.43,265.0,sell,NYSE
tx_0000345,2025-06-14 10:08:39,FB,333.01,66.0,buy,NASDAQ
tx_0006590,2025-06-14 10:08:48,BRK.B,281.32,44.0,sell,NYSE
tx_0000020,2025-06-14 10:08:51,V,214.2,327.0,buy,NYSE
tx_0003068,2025-06-14 10:08:53,MCD,255.29,487.0,buy,NYSE
tx_0007462,2025-06-14 10:08:56,PEP,147.92,125.0,sell,NYSE
tx_0000014,2025-06-14 10:08:57,V,213.13,87.0,buy,NYSE
tx_0000416,2025-06-14 10:08:57,FB,329.37,690.0,,NASDAQ
tx_0004023,2025-06-14 10:09:00,MA,346.39,412.0,buy,NYSE
tx_0000048,2025-06-14 10:09:02,NVDA,201.83,858.0,buy,NASDAQ
tx_0009227,2025-06-14 10:09:04,AMZN,3464.72,,sell,NASDAQ
tx_0000277,2025-06-14 10:09:05,MCD,256.14,199.0,sell,NYSE
tx_0006282,2025-06-14 10:09:09,PEP,146.69,965.0,buy,NYSE
tx_0006655,2025-06-14 10:09:09,MCD,254.62,815.0,sell,NYSE
tx_0005570,2025-06-14 10:09:11,AAPL,147.74,619.0,sell,NASDAQ
tx_0001590,2025-06-14 10:09:12,AMZN,3488.53,466.0,sell,NASDAQ
tx_0001783,2025-06-14 10:09:13,JNJ,,161.0,sell,NYSE
tx_0009014,2025-06-14 10:09:16,NVDA,204.01,600.0,buy,NASDAQ
tx_0008852,2025-06-14 10:09:17,KO,53.66,22.0,buy,NYSE
tx_0007834,2025-06-14 10:09:21,PEP,147.36,878.0,sell,NYSE
tx_0009297,2025-06-14 10:09:22,GOOGL,2817.71,805.0,buy,NASDAQ
tx_0008836,2025-06-14 10:09:22,DIS,179.32,433.0,buy,NYSE
tx_0001157,2025-06-14 10:09:23,TSLA,728.0,526.0,buy,NASDAQ
tx_0006645,2025-06-14 10:09:24,NFLX,492.87,130.0,sell,NASDAQ
tx_0007490,2025-06-14 10:09:24,MSFT,307.95,555.0,buy,NASDAQ
tx_0009529,2025-06-14 10:09:25,AMZN,3508.66,849.0,buy,NASDAQ
tx_0003042,2025-06-14 10:09:28,AMZN,3485.62,484.0,buy,NASDAQ
tx_0000402,2025-06-14 10:09:30,PG,138.63,92.0,sell,NYSE
tx_0007497,2025-06-14 10:09:33,MSFT,307.13,764.0,buy,NASDAQ
tx_0002734,2025-06-14 10:09:36,JNJ,169.29,914.0,buy,NYSE
tx_0002258,2025-06-14 10:09:36,PYPL,245.34,743.0,sell,NASDAQ
tx_0004943,2025-06-14 10:09:38,FB,330.86,422.0,buy,NASDAQ
tx_0001463,2025-06-14 10:09:51,GOOGL,2854.2,258.0,sell,NASDAQ
tx_0007885,2025-06-14 10:09:51,NVDA,204.24,203.0,buy,NASDAQ
tx_0001724,2025-06-14 10:09:54,PG,136.45,907.0,sell,NYSE
tx_0000102,2025-06-14 10:09:58,V,212.59,651.0,sell,NYSE
tx_0001260,2025-06-14 10:09:58,AAPL,147.14,844.0,buy,NASDAQ
tx_0008711,2025-06-14 10:10:04,PEP,147.32,255.0,buy,NYSE
tx_0000011,2025-06-14 10:10:04,AAPL,148.54,892.0,sell,NASDAQ
tx_0008857,2025-06-14 10:10:07,MA,345.16,588.0,buy,NYSE
tx_0003146,2025-06-14 10:10:07,KO,54.71,885.0,sell,NYSE
tx_0007657,2025-06-14 10:10:08,PG,136.95,451.0,buy,
tx_0000151,2025-06-14 10:10:09,KO,53.94,218.0,buy,NYSE
tx_0004549,2025-06-14 10:10:09,GOOGL,2843.35,902.0,buy,NASDAQ
tx_0003532,2025-06-14 10:10:10,PEP,146.84,823.0,sell,NYSE
tx_0001579,2025-06-14 10:10:11,BRK.B,279.82,152.0,sell,NYSE
tx_0008655,2025-06-14 10:10:11,AAPL,149.01,589.0,sell,NASDAQ
tx_0009850,2025-06-14 10:10:13,FB,335.06,780.0,sell,NASDAQ
tx_0009384,2025-06-14 10:10:17,AMZN,3475.62,110.0,buy,NASDAQ
tx_0009791,2025-06-14 10:10:18,AAPL,148.21,248.0,buy,NASDAQ
tx_0008691,2025-06-14 10:10:19,JNJ,168.21,907.0,sell,NYSE
tx_0002245,2025-06-14 10:10:22,DIS,179.43,964.0,buy,NYSE
tx_0006248,2025-06-14 10:10:23,NVDA,205.05,721.0,buy,NASDAQ
tx_0008727,2025-06-14 10:10:23,GOOGL,2853.47,868.0,sell,NASDAQ
tx_0006525,2025-06-14 10:10:25,PEP,148.39,112.0,sell,NYSE
tx_0006861,2025-06-14 10:10:30,MCD,256.37,295.0,sell,NYSE
tx_0003050,2025-06-14 10:10:31,AAPL,148.35,378.0,buy,NASDAQ
tx_0009362,2025-06-14 10:10:32,AMZN,3495.08,863.0,sell,NASDAQ
tx_0006069,2025-06-14 10:10:35,FB,335.73,73.0,buy,NASDAQ
tx_0004622,2025-06-14 10:10:36,GOOGL,2872.03,252.0,sell,NASDAQ
tx_0002265,2025-06-14 10:10:36,WMT,143.37,354.0,buy,NYSE
tx_0006889,2025-06-14 10:10:45,BRK.B,281.93,579.0,buy,NYSE
tx_0006219,2025-06-14 10:10:47,AMZN,3472.14,494.0,sell,NASDAQ
tx_0007222,2025-06-14 10:10:48,PYPL,247.7,230.0,buy,NASDAQ
tx_0005736,2025-06-14 10:10:49,PYPL,246.01,583.0,buy,NASDAQ
tx_0001693,2025-06-14 10:10:52,KO,54.27,73.0,buy,NYSE
tx_0007571,2025-06-14 10:10:59,NVDA,205.0,824.0,sell,NASDAQ
tx_0008609,2025-06-14 10:11:01,WMT,142.66,70.0,sell,NYSE
tx_0006978,2025-06-14 10:11:04,NVDA,202.93,238.0,buy,NASDAQ
tx_0004255,2025-06-14 10:11:04,ADBE,576.39,761.0,sell,NASDAQ
tx_0008054,2025-06-14 10:11:04,DIS,182.12,893.0,buy,NYSE
tx_0006194,2025-06-14 10:11:05,MCD,253.82,464.0,buy,NYSE
tx_0001072,2025-06-14 10:11:09,AMZN,3504.0,283.0,sell,NASDAQ
tx_0001514,2025-06-14 10:11:14,NVDA,203.78,283.0,sell,NASDAQ
tx_0003949,2025-06-14 10:11:16,PYPL,246.62,841.0,sell,NASDAQ
tx_0007084,2025-06-14 10:11:17,MSFT,308.72,568.0,sell,NASDAQ
tx_0009909,2025-06-14 10:11:18,V,212.76,257.0,buy,NYSE
tx_0002468,2025-06-14 10:11:20,TSLA,711.94,460.0,buy,NASDAQ
tx_0006755,2025-06-14 10:11:20,MCD,256.94,580.0,buy,NYSE
tx_0003756,2025-06-14 10:11:23,FB,334.5,903.0,buy,NASDAQ
tx_0001301,2025-06-14 10:11:25,MSFT,307.69,300.0,buy,NASDAQ
tx_0009086,2025-06-14 10:11:27,MA,345.15,137.0,buy,NYSE
tx_0000278,2025-06-14 10:11:30,PEP,146.81,21.0,sell,NYSE
tx_0002172,2025-06-14 10:11:37,DIS,183.07,112.0,sell,NYSE
tx_0002994,2025-06-14 10:11:37,PYPL,250.05,691.0,sell,NASDAQ
tx_0004337,2025-06-14 10:11:37,PEP,147.55,302.0,sell,NYSE
tx_0007886,2025-06-14 10:11:39,AMZN,3486.83,222.0,buy,NASDAQ
tx_0006505,2025-06-14 10:11:41,MCD,257.05,976.0,sell,NYSE
tx_0008924,2025-06-14 10:11:48,PYPL,247.15,856.0,buy,NASDAQ
tx_0008553,2025-06-14 10:11:50,FB,330.61,613.0,sell,NASDAQ
tx_0008209,2025-06-14 10:11:50,FB,331.06,702.0,sell,NASDAQ
tx_0008324,2025-06-14 10:11:51,WMT,142.33,581.0,buy,NYSE
tx_0002299,2025-06-14 10:11:52,V,214.08,203.0,buy,NYSE
tx_0005565,2025-06-14 10:12:00,PG,138.44,795.0,buy,NYSE
tx_0006686,2025-06-14 10:12:00,PG,136.95,646.0,buy,
tx_0000551,2025-06-14 10:12:03,BRK.B,280.74,829.0,buy,NYSE
tx_0007180,2025-06-14 10:12:05,TSLA,718.05,86.0,sell,NASDAQ
tx_0000484,2025-06-14 10:12:11,MSFT,308.42,662.0,sell,NASDAQ
tx_0008627,2025-06-14 10:12:15,AMZN,3461.2,66.0,buy,NASDAQ
tx_0003388,2025-06-14 10:12:15,AMZN,3470.25,193.0,sell,NASDAQ
tx_0004528,2025-06-14 10:12:17,ADBE,581.99,242.0,buy,NASDAQ
tx_0002811,2025-06-14 10:12:17,PEP,145.42,667.0,buy,NYSE
tx_0000099,2025-06-14 10:12:21,KO,54.25,152.0,sell,NYSE
tx_0002200,2025-06-14 10:12:24,TSLA,708.18,811.0,buy,NASDAQ
tx_0007835,2025-06-14 10:12:25,WMT,143.34,548.0,buy,NYSE
tx_0008099,2025-06-14 10:12:25,JNJ,168.6,310.0,buy,NYSE
tx_0002626,2025-06-14 10:12:25,AMZN,3459.87,573.0,buy,NASDAQ
tx_0006260,2025-06-14 10:12:26,PG,138.44,452.0,buy,NYSE
tx_0006091,2025-06-14 10:12:32,WMT,142.83,22.0,sell,NYSE
tx_0003109,2025-06-14 10:12:34,WMT,143.93,450.0,sell,NYSE
tx_0003346,2025-06-14 10:12:37,KO,54.05,660.0,buy,NYSE
tx_0007673,2025-06-14 10:12:37,KO,54.19,196.0,buy,NYSE
tx_0005276,2025-06-14 10:12:42,WMT,142.37,29.0,sell,NYSE
tx_0007993,2025-06-14 10:12:43,AMZN,3509.27,970.0,buy,NASDAQ
tx_0005304,2025-06-14 10:12:45,BRK.B,282.17,73.0,sell,NYSE
tx_0002723,2025-06-14 10:12:50,DIS,180.23,648.0,sell,NYSE
tx_0008788,2025-06-14 10:12:51,JNJ,168.4,474.0,buy,NYSE
tx_0002128,2025-06-14 10:12:54,PG,138.25,304.0,buy,NYSE
tx_0008470,2025-06-14 10:12:56,GOOGL,2893.62,982.0,buy,NASDAQ
tx_0006731,2025-06-14 10:12:58,MSFT,312.74,921.0,buy,NASDAQ
tx_0008695,2025-06-14 10:13:01,FB,331.06,947.0,buy,NASDAQ
tx_0006847,2025-06-14 10:13:04,FB,330.95,914.0,buy,NASDAQ
tx_0005521,2025-06-14 10:13:05,NFLX,495.44,268.0,buy,NASDAQ
tx_0005562,2025-06-14 10:13:06,DIS,180.39,76.0,sell,NYSE
tx_0007207,2025-06-14 10:13:08,ADBE,577.04,185.0,sell,NASDAQ
tx_0002148,2025-06-14 10:13:20,JNJ,169.79,397.0,buy,NYSE
tx_0001435,2025-06-14 10:13:25,WMT,142.52,125.0,sell,NYSE
tx_0006825,2025-06-14 10:13:28,GOOGL,2854.55,719.0,sell,NASDAQ
tx_0000106,2025-06-14 10:13:34,PYPL,248.33,142.0,buy,NASDAQ
tx_0006139,2025-06-14 10:13:35,WMT,141.67,165.0,sell,NYSE
tx_0005543,2025-06-14 10:13:37,AMZN,3450.2,723.0,sell,NASDAQ
tx_0004624,2025-06-14 10:13:39,JNJ,168.42,938.0,buy,NYSE
tx_0002040,2025-06-14 10:13:41,DIS,180.07,298.0,buy,NYSE
tx_0008754,2025-06-14 10:13:41,NVDA,205.34,808.0,sell,NASDAQ
tx_0001588,2025-06-14 10:13:42,PYPL,248.1,710.0,sell,NASDAQ
tx_0002475,2025-06-14 10:13:44,NFLX,497.4,370.0,sell,NASDAQ
tx_0007412,2025-06-14 10:13:46,FB,330.87,63.0,buy,NASDAQ
tx_0003354,2025-06-14 10:13:52,V,212.41,733.0,buy,NYSE
tx_0005853,2025-06-14 10:13:52,JNJ,170.02,665.0,,NYSE
tx_0009091,2025-06-14 10:13:52,WMT,142.94,269.0,buy,NYSE
tx_0007333,2025-06-14 10:13:55,V,211.79,423.0,buy,NYSE
tx_0007338,2025-06-14 10:13:55,PG,136.47,151.0,buy,NYSE
tx_0008511,2025-06-14 10:13:57,PYPL,246.89,501.0,sell,NASDAQ
tx_0007705,2025-06-14 10:13:58,NVDA,202.31,375.0,sell,NASDAQ
tx_0009325,2025-06-14 10:14:01,PG,136.56,395.0,sell,NYSE
tx_0005901,2025-06-14 10:14:06,BRK.B,280.14,945.0,sell,NYSE
tx_0004414,2025-06-14 10:14:06,ADBE,574.69,130.0,sell,NASDAQ
tx_0009772,2025-06-14 10:14:09,FB,332.53,885.0,sell,NASDAQ
tx_0001348,2025-06-14 10:14:15,JNJ,168.09,309.0,buy,NYSE
tx_0000981,2025-06-14 10:14:19,PYPL,247.31,913.0,buy,NASDAQ
tx_0001447,2025-06-14 10:14:25,JNJ,169.09,444.0,buy,NYSE
tx_0002269,2025-06-14 10:14:28,NFLX,496.68,874.0,sell,NASDAQ
tx_0001254,2025-06-14 10:14:31,V,212.32,749.0,sell,NYSE
tx_0009304,2025-06-14 10:14:35,PYPL,252.07,261.0,buy,NASDAQ
tx_0007855,2025-06-14 10:14:37,JNJ,167.96,376.0,buy,NYSE
tx_0006035,2025-06-14 10:14:37,ADBE,572.55,70.0,sell,NASDAQ
tx_0007234,2025-06-14 10:14:38,KO,54.54,912.0,buy,NYSE
tx_0001245,2025-06-14 10:14:39,V,213.37,819.0,buy,NYSE
tx_0004621,2025-06-14 10:14:43,AMZN,3454.42,217.0,buy,NASDAQ
tx_0006858,2025-06-14 10:14:48,MSFT,313.66,368.0,sell,NASDAQ
tx_0009782,2025-06-14 10:14:52,NVDA,203.63,241.0,buy,NASDAQ
tx_0005240,2025-06-14 10:14:53,PEP,148.53,399.0,buy,NYSE
tx_0002548,2025-06-14 10:14:56,KO,54.37,544.0,buy,NYSE
tx_0004157,2025-06-14 10:14:58,NVDA,202.29,46.0,sell,NASDAQ
tx_0000279,2025-06-14 10:14:59,NFLX,493.98,21.0,sell,NASDAQ
tx_0008556,2025-06-14 10:15:00,WMT,143.23,728.0,buy,NYSE
tx_0004002,2025-06-14 10:15:01,NFLX,493.83,422.0,buy,NASDAQ
tx_0004110,2025-06-14 10:15:04,MCD,256.44,574.0,sell,NYSE
tx_0002635,2025-06-14 10:15:05,BRK.B,284.27,98.0,buy,NYSE
tx_0001692,2025-06-14 10:15:05,PG,137.51,933.0,buy,NYSE
tx_0001676,2025-06-14 10:15:09,ADBE,580.79,413.0,buy,NASDAQ
tx_0005648,2025-06-14 10:15:09,AAPL,146.73,470.0,sell,NASDAQ
tx_0000960,2025-06-14 10:15:16,PYPL,247.29,507.0,sell,NASDAQ
tx_0006070,2025-06-14 10:15:18,WMT,143.39,48.0,sell,NYSE
tx_0000881,2025-06-14 10:15:19,MCD,256.59,74.0,sell,NYSE
tx_0000237,2025-06-14 10:15:19,PG,137.48,980.0,buy,NYSE
tx_0009900,2025-06-14 10:15:20,PYPL,249.64,986.0,buy,NASDAQ
tx_0009449,2025-06-14 10:15:28,PYPL,248.51,144.0,sell,NASDAQ
tx_0004661,2025-06-14 10:15:28,NVDA,203.65,306.0,sell,NASDAQ
tx_0003846,2025-06-14 10:15:32,FB,329.52,743.0,sell,NASDAQ
tx_0006429,2025-06-14 10:15:32,AAPL,146.58,149.0,buy,NASDAQ
tx_0000644,2025-06-14 10:15:33,BRK.B,282.22,577.0,sell,NYSE
tx_0002131,2025-06-14 10:15:46,DIS,180.76,260.0,buy,NYSE
tx_0007086,2025-06-14 10:15:50,GOOGL,2872.88,801.0,buy,NASDAQ
tx_0006455,2025-06-14 10:15:53,MSFT,311.24,941.0,buy,NASDAQ
tx_0006417,2025-06-14 10:15:54,AAPL,146.9,855.0,sell,NASDAQ
tx_0002580,2025-06-14 10:15:55,DIS,183.78,706.0,sell,NYSE
tx_0000442,2025-06-14 10:16:07,NFLX,490.18,795.0,buy,NASDAQ
tx_0007107,2025-06-14 10:16:10,KO,53.79,521.0,sell,NYSE
tx_0003526,2025-06-14 10:16:10,PYPL,248.87,633.0,buy,NASDAQ
tx_0005671,2025-06-14 10:16:12,MSFT,311.0,828.0,sell,NASDAQ
tx_0000300,2025-06-14 10:16:19,DIS,183.19,796.0,sell,NYSE
tx_0005753,2025-06-14 10:16:23,GOOGL,2879.24,328.0,buy,NASDAQ
tx_0006626,2025-06-14 10:16:28,AAPL,147.13,582.0,buy,NASDAQ
tx_0000815,2025-06-14 10:16:29,PEP,147.73,138.0,sell,NYSE
tx_0003945,2025-06-14 10:16:29,FB,332.74,191.0,sell,NASDAQ
tx_0000779,2025-06-14 10:16:33,MCD,257.26,212.0,buy,NYSE
tx_0007230,2025-06-14 10:16:35,PYPL,249.85,963.0,buy,NASDAQ
tx_0002834,2025-06-14 10:16:36,MA,343.23,158.0,buy,NYSE
tx_0006885,2025-06-14 10:16:42,MSFT,312.36,482.0,buy,NASDAQ
tx_0000312,2025-06-14 10:16:42,V,212.49,6.0,sell,NYSE
tx_0001303,2025-06-14 10:16:43,GOOGL,2865.44,769.0,buy,NASDAQ
tx_0005977,2025-06-14 10:16:43,JNJ,167.7,195.0,sell,NYSE
tx_0005525,2025-06-14 10:16:43,V,214.72,365.0,buy,NYSE
tx_0001779,2025-06-14 10:16:44,KO,54.13,551.0,sell,NYSE
tx_0005317,2025-06-14 10:16:48,WMT,142.2,880.0,sell,NYSE
tx_0006760,2025-06-14 10:16:49,AAPL,146.34,8.0,buy,NASDAQ
tx_0009239,2025-06-14 10:16:51,GOOGL,2854.87,517.0,buy,NASDAQ
tx_0003397,2025-06-14 10:16:52,WMT,144.14,138.0,buy,NYSE
tx_0007252,2025-06-14 10:16:52,NVDA,206.1,699.0,buy,NASDAQ
tx_0008096,2025-06-14 10:16:56,MCD,256.89,467.0,sell,NYSE
tx_0009411,2025-06-14 10:16:58,PG,136.76,432.0,sell,NYSE
tx_0004995,2025-06-14 10:17:07,PYPL,250.13,283.0,sell,NASDAQ
tx_0005340,2025-06-14 10:17:10,BRK.B,279.61,154.0,buy,NYSE
tx_0006094,2025-06-14 10:17:11,WMT,142.37,34.0,buy,NYSE
tx_0002778,2025-06-14 10:17:12,GOOGL,2880.81,503.0,sell,NASDAQ
tx_0004939,2025-06-14 10:17:12,AAPL,148.74,260.0,buy,NASDAQ
tx_0002895,2025-06-14 10:17:14,JNJ,168.81,544.0,sell,NYSE
tx_0001765,2025-06-14 10:17:15,WMT,142.19,660.0,sell,NYSE
tx_0005331,2025-06-14 10:17:15,NVDA,206.21,156.0,sell,NASDAQ
tx_0002719,2025-06-14 10:17:16,PEP,148.65,592.0,sell,NYSE
tx_0005958,2025-06-14 10:17:22,V,212.78,584.0,sell,NYSE
tx_0001530,2025-06-14 10:17:26,WMT,143.89,132.0,buy,NYSE
tx_0001322,2025-06-14 10:17:29,JNJ,168.97,84.0,sell,NYSE
tx_0001750,2025-06-14 10:17:29,PG,136.04,970.0,buy,NYSE
tx_0001684,2025-06-14 10:17:32,MA,344.71,8.0,buy,NYSE
tx_0006400,2025-06-14 10:17:33,MCD,257.68,1.0,sell,NYSE
tx_0002437,2025-06-14 10:17:35,BRK.B,277.9,487.0,sell,NYSE
tx_0004586,2025-06-14 10:17:35,ADBE,585.95,846.0,buy,NASDAQ
tx_0004562,2025-06-14 10:17:38,DIS,183.08,743.0,sell,NYSE
tx_0006323,2025-06-14 10:17:41,NVDA,205.66,274.0,buy,NASDAQ
tx_0007011,2025-06-14 10:17:41,NVDA,206.17,787.0,buy,NASDAQ
tx_0000071,2025-06-14 10:17:46,FB,334.92,627.0,sell,NASDAQ
tx_0008814,2025-06-14 10:17:47,DIS,182.3,66.0,buy,NYSE
tx_0006948,2025-06-14 10:17:48,PYPL,248.94,144.0,buy,NASDAQ
tx_0007686,2025-06-14 10:17:53,TSLA,710.29,562.0,sell,NASDAQ
tx_0007718,2025-06-14 10:17:58,ADBE,584.21,522.0,sell,NASDAQ
tx_0004748,2025-06-14 10:18:03,JNJ,167.44,259.0,sell,NYSE
tx_0001695,2025-06-14 10:18:05,DIS,181.55,332.0,sell,NYSE
tx_0005425,2025-06-14 10:18:05,KO,54.4,355.0,buy,NYSE
tx_0008295,2025-06-14 10:18:06,DIS,181.75,741.0,buy,NYSE
tx_0006913,2025-06-14 10:18:07,WMT,142.77,401.0,buy,NYSE
tx_0005981,2025-06-14 10:18:08,MA,342.85,631.0,sell,NYSE
tx_0002661,2025-06-14 10:18:10,TSLA,717.82,249.0,buy,NASDAQ
tx_0006571,2025-06-14 10:18:13,AMZN,3494.18,289.0,buy,NASDAQ
tx_0006849,2025-06-14 10:18:15,TSLA,708.68,78.0,buy,NASDAQ
tx_0005261,2025-06-14 10:18:16,MSFT,310.39,112.0,sell,NASDAQ
tx_0000816,2025-06-14 10:18:19,V,212.06,102.0,sell,NYSE
tx_0000611,2025-06-14 10:18:19,MA,343.14,233.0,sell,NYSE
tx_0002579,2025-06-14 10:18:20,ADBE,584.24,489.0,sell,NASDAQ
tx_0008901,2025-06-14 10:18:20,PEP,146.07,302.0,sell,NYSE
tx_0007156,2025-06-14 10:18:23,GOOGL,2861.36,37.0,buy,NASDAQ
tx_0005140,2025-06-14 10:18:23,MSFT,313.31,546.0,sell,NASDAQ
tx_0000949,2025-06-14 10:18:29,WMT,143.59,655.0,buy,NYSE
tx_0001743,2025-06-14 10:18:34,BRK.B,284.19,663.0,buy,NYSE
tx_0003895,2025-06-14 10:18:39,JNJ,167.33,609.0,buy,NYSE
tx_0001575,2025-06-14 10:18:40,JNJ,167.35,830.0,buy,NYSE
tx_0001996,2025-06-14 10:18:40,GOOGL,2837.63,515.0,buy,NASDAQ
tx_0009671,2025-06-14 10:18:42,MCD,258.6,156.0,sell,NYSE
tx_0007594,2025-06-14 10:18:44,WMT,142.45,738.0,buy,NYSE
tx_0000536,2025-06-14 10:18:45,FB,331.85,548.0,,NASDAQ
tx_0009551,2025-06-14 10:18:45,WMT,144.57,811.0,buy,NYSE
tx_0000643,2025-06-14 10:18:46,TSLA,,967.0,buy,NASDAQ
tx_0002944,2025-06-14 10:18:47,AAPL,146.01,242.0,buy,NASDAQ
tx_0007062,2025-06-14 10:18:47,PEP,146.75,503.0,sell,NYSE
tx_0004243,2025-06-14 10:18:48,PYPL,251.39,19.0,buy,NASDAQ
tx_0006446,2025-06-14 10:18:50,JNJ,169.56,747.0,buy,NYSE
tx_0006490,2025-06-14 10:18:52,MA,343.0,513.0,sell,NYSE
tx_0004090,2025-06-14 10:18:52,PG,136.56,904.0,sell,NYSE
tx_0003739,2025-06-14 10:18:53,FB,330.64,654.0,sell,NASDAQ
tx_0006306,2025-06-14 10:18:59,KO,53.71,752.0,buy,NYSE
tx_0007471,2025-06-14 10:19:02,GOOGL,2854.29,639.0,buy,NASDAQ
tx_0004235,2025-06-14 10:19:04,NFLX,492.09,642.0,buy,NASDAQ
tx_0003686,2025-06-14 10:19:05,PG,136.57,880.0,sell,NYSE
tx_0008996,2025-06-14 10:19:05,PEP,146.03,964.0,buy,NYSE
tx_0009046,2025-06-14 10:19:07,ADBE,588.43,38.0,buy,NASDAQ
tx_0002324,2025-06-14 10:19:12,TSLA,709.11,107.0,sell,NASDAQ
tx_0007179,2025-06-14 10:19:13,PYPL,250.01,757.0,sell,NASDAQ
tx_0001146,2025-06-14 10:19:14,NFLX,494.72,613.0,buy,NASDAQ
tx_0003584,2025-06-14 10:19:14,TSLA,709.18,669.0,buy,NASDAQ
tx_0008587,2025-06-14 10:19:15,MSFT,313.04,93.0,buy,NASDAQ
tx_0001620,2025-06-14 10:19:15,JNJ,169.09,140.0,buy,NYSE
tx_0001970,2025-06-14 10:19:20,JNJ,169.27,254.0,buy,NYSE
tx_0005482,2025-06-14 10:19:21,DIS,179.83,386.0,buy,NYSE
tx_0008075,2025-06-14 10:19:24,PEP,147.54,52.0,sell,NYSE
tx_0009142,2025-06-14 10:19:26,PEP,147.76,741.0,sell,NYSE
tx_0007811,2025-06-14 10:19:27,AAPL,147.32,92.0,buy,NASDAQ
tx_0007096,2025-06-14 10:19:33,WMT,144.75,112.0,buy,NYSE
tx_0000122,2025-06-14 10:19:35,PYPL,246.5,89.0,sell,
tx_0005702,2025-06-14 10:19:37,GOOGL,2854.68,535.0,buy,NASDAQ
tx_0008074,2025-06-14 10:19:40,BRK.B,283.29,537.0,sell,NYSE
tx_0003634,2025-06-14 10:19:43,ADBE,583.26,91.0,,NASDAQ
tx_0008612,2025-06-14 10:19:47,ADBE,575.03,789.0,buy,NASDAQ
tx_0008390,2025-06-14 10:19:50,JNJ,170.2,21.0,buy,NYSE
tx_0001466,2025-06-14 10:19:56,V,214.62,942.0,buy,NYSE
tx_0009546,2025-06-14 10:19:59,FB,333.65,230.0,sell,NASDAQ
tx_0008457,2025-06-14 10:20:01,DIS,181.93,848.0,sell,NYSE
tx_0003874,2025-06-14 10:20:05,BRK.B,279.88,389.0,sell,NYSE
tx_0009531,2025-06-14 10:20:06,NFLX,497.3,916.0,sell,NASDAQ
tx_0004233,2025-06-14 10:20:06,NFLX,490.62,879.0,buy,NASDAQ
tx_0005604,2025-06-14 10:20:10,V,213.78,285.0,buy,NYSE
tx_0003356,2025-06-14 10:20:12,PYPL,248.28,463.0,buy,NASDAQ
tx_0009163,2025-06-14 10:20:13,PYPL,247.36,232.0,sell,NASDAQ
tx_0006235,2025-06-14 10:20:13,KO,53.84,907.0,sell,NYSE
tx_0008269,2025-06-14 10:20:14,GOOGL,2851.32,3.0,sell,NASDAQ
tx_0008998,2025-06-14 10:20:15,PEP,148.24,719.0,buy,NYSE
tx_0001776,2025-06-14 10:20:15,GOOGL,2855.28,810.0,buy,NASDAQ
tx_0008565,2025-06-14 10:20:16,ADBE,577.78,257.0,buy,NASDAQ
tx_0000642,2025-06-14 10:20:18,MSFT,311.06,178.0,buy,NASDAQ
tx_0006784,2025-06-14 10:20:19,MA,348.65,242.0,sell,NYSE
tx_0002642,2025-06-14 10:20:19,PYPL,250.55,82.0,buy,NASDAQ
tx_0000634,2025-06-14 10:20:22,PYPL,246.77,219.0,buy,NASDAQ
tx_0001489,2025-06-14 10:20:24,PG,137.87,571.0,sell,NYSE
tx_0004882,2025-06-14 10:20:26,MCD,258.38,324.0,sell,NYSE
tx_0005637,2025-06-14 10:20:27,PYPL,251.26,194.0,buy,NASDAQ
tx_0002019,2025-06-14 10:20:27,NVDA,207.4,180.0,sell,NASDAQ
tx_0000116,2025-06-14 10:20:27,PG,137.72,814.0,sell,NYSE
tx_0005887,2025-06-14 10:20:28,PEP,146.33,479.0,sell,NYSE
tx_0008033,2025-06-14 10:20:29,NFLX,494.33,460.0,sell,NASDAQ
tx_0005760,2025-06-14 10:20:30,NFLX,491.35,162.0,buy,NASDAQ
tx_0008332,2025-06-14 10:20:30,MCD,258.61,105.0,sell,NYSE
tx_0008700,2025-06-14 10:20:32,PYPL,250.7,449.0,buy,NASDAQ
tx_0007371,2025-06-14 10:20:37,MCD,259.39,449.0,buy,NYSE
tx_0001418,2025-06-14 10:20:38,ADBE,577.74,626.0,sell,NASDAQ
tx_0002960,2025-06-14 10:20:39,MCD,256.01,,buy,NYSE
tx_0009756,2025-06-14 10:20:39,TSLA,712.73,563.0,buy,NASDAQ
tx_0007120,2025-06-14 10:20:39,NVDA,208.19,366.0,sell,NASDAQ
tx_0005387,2025-06-14 10:20:45,MSFT,310.38,690.0,sell,NASDAQ
tx_0000274,2025-06-14 10:20:49,V,213.14,568.0,buy,NYSE
tx_0001769,2025-06-14 10:20:49,KO,54.09,846.0,buy,NYSE
tx_0008570,2025-06-14 10:20:51,WMT,144.01,191.0,sell,NYSE
tx_0004071,2025-06-14 10:20:54,AAPL,145.11,297.0,sell,NASDAQ
tx_0009570,2025-06-14 10:20:59,PEP,146.09,192.0,sell,NYSE
tx_0001246,2025-06-14 10:21:00,MSFT,312.32,360.0,sell,NASDAQ
tx_0003970,2025-06-14 10:21:03,MA,343.46,523.0,buy,NYSE
tx_0001337,2025-06-14 10:21:04,PEP,147.25,975.0,buy,NYSE
tx_0006811,2025-06-14 10:21:04,FB,334.5,609.0,buy,NASDAQ
tx_0000245,2025-06-14 10:21:09,V,214.43,194.0,buy,NYSE
tx_0002900,2025-06-14 10:21:11,PG,138.46,985.0,buy,NYSE
tx_0006636,2025-06-14 10:21:15,PEP,147.77,164.0,buy,NYSE
tx_0008628,2025-06-14 10:21:15,DIS,180.03,474.0,sell,NYSE
tx_0008148,2025-06-14 10:21:20,MSFT,311.23,536.0,buy,NASDAQ
tx_0007979,2025-06-14 10:21:25,PEP,147.43,601.0,buy,NYSE
tx_0004281,2025-06-14 10:21:26,TSLA,723.11,983.0,sell,NASDAQ
tx_0003001,2025-06-14 10:21:28,NVDA,208.03,452.0,buy,NASDAQ
tx_0007569,2025-06-14 10:21:39,ADBE,583.93,927.0,buy,NASDAQ
tx_0002894,2025-06-14 10:21:40,DIS,180.43,85.0,buy,
tx_0005538,2025-06-14 10:21:40,MCD,255.48,362.0,sell,NYSE
tx_0001460,2025-06-14 10:21:49,TSLA,716.59,287.0,buy,
tx_0001160,2025-06-14 10:21:51,MA,349.72,382.0,buy,NYSE
tx_0003267,2025-06-14 10:21:54,DIS,180.29,390.0,buy,NYSE
tx_0009216,2025-06-14 10:21:55,WMT,143.92,577.0,buy,NYSE
tx_0001652,2025-06-14 10:22:02,PYPL,246.13,238.0,buy,NASDAQ
tx_0009547,2025-06-14 10:22:04,AMZN,3516.2,52.0,buy,NASDAQ
tx_0000349,2025-06-14 10:22:06,TSLA,714.38,921.0,sell,NASDAQ
tx_0001829,2025-06-14 10:22:13,KO,54.87,1000.0,buy,NYSE
tx_0008237,2025-06-14 10:22:16,MSFT,309.12,309.0,sell,NASDAQ
tx_0009395,2025-06-14 10:22:17,AAPL,144.02,461.0,sell,NASDAQ
tx_0001287,2025-06-14 10:22:19,MA,347.32,261.0,sell,NYSE
tx_0000573,2025-06-14 10:22:27,GOOGL,2875.04,815.0,buy,NASDAQ
tx_0008639,2025-06-14 10:22:28,MSFT,311.11,123.0,sell,NASDAQ
tx_0006928,2025-06-14 10:22:29,KO,54.91,71.0,sell,NYSE
tx_0002156,2025-06-14 10:22:32,V,211.46,337.0,buy,NYSE
tx_0006065,2025-06-14 10:22:32,PG,138.45,435.0,sell,NYSE
tx_0005652,2025-06-14 10:22:33,MA,347.31,707.0,buy,NYSE
tx_0009447,2025-06-14 10:22:36,GOOGL,2869.47,619.0,sell,NASDAQ
tx_0006780,2025-06-14 10:22:42,PG,138.05,630.0,sell,NYSE
tx_0006792,2025-06-14 10:22:42,MCD,256.55,40.0,buy,NYSE
tx_0008619,2025-06-14 10:22:45,PYPL,248.15,587.0,,NASDAQ
tx_0005021,2025-06-14 10:22:47,DIS,180.04,690.0,sell,NYSE
tx_0000003,2025-06-14 10:22:51,MSFT,311.97,336.0,sell,NASDAQ
tx_0002230,2025-06-14 10:22:53,GOOGL,,423.0,sell,NASDAQ
tx_0008050,2025-06-14 10:22:55,MCD,257.05,656.0,sell,NYSE
tx_0004889,2025-06-14 10:22:58,NVDA,206.15,918.0,buy,NASDAQ
tx_0000904,2025-06-14 10:22:59,MA,346.36,504.0,sell,NYSE
tx_0006156,2025-06-14 10:23:00,FB,332.85,106.0,sell,NASDAQ
tx_0007070,2025-06-14 10:23:02,PYPL,246.53,564.0,buy,NASDAQ
tx_0006824,2025-06-14 10:23:03,FB,336.08,208.0,buy,NASDAQ
tx_0006435,2025-06-14 10:23:04,AAPL,143.74,343.0,sell,NASDAQ
tx_0008688,2025-06-14 10:23:08,MA,346.56,224.0,buy,NYSE
tx_0008944,2025-06-14 10:23:11,MCD,253.36,458.0,sell,NYSE
tx_0004117,2025-06-14 10:23:12,GOOGL,2831.07,982.0,buy,NASDAQ
tx_0000145,2025-06-14 10:23:14,TSLA,720.04,390.0,sell,NASDAQ
tx_0001570,2025-06-14 10:23:16,MSFT,312.0,625.0,sell,NASDAQ
tx_0003500,2025-06-14 10:23:17,KO,54.34,944.0,buy,NYSE
tx_0008052,2025-06-14 10:23:18,NFLX,493.52,685.0,buy,NASDAQ
tx_0008440,2025-06-14 10:23:20,DIS,181.23,706.0,buy,NYSE
tx_0004006,2025-06-14 10:23:20,BRK.B,280.92,969.0,buy,NYSE
tx_0005237,2025-06-14 10:23:20,V,212.69,828.0,sell,NYSE
tx_0001380,2025-06-14 10:23:20,BRK.B,281.68,2.0,sell,NYSE
tx_0007404,2025-06-14 10:23:24,PG,137.39,917.0,buy,NYSE
tx_0004187,2025-06-14 10:23:25,PYPL,248.3,997.0,sell,NASDAQ
tx_0001553,2025-06-14 10:23:29,BRK.B,280.0,468.0,sell,NYSE
tx_0003851,2025-06-14 10:23:30,KO,55.13,391.0,buy,NYSE
tx_0002117,2025-06-14 10:23:32,NVDA,205.9,553.0,sell,NASDAQ
tx_0008859,2025-06-14 10:23:34,AAPL,143.5,637.0,buy,NASDAQ
tx_0008671,2025-06-14 10:23:35,NFLX,501.38,35.0,buy,NASDAQ
tx_0007157,2025-06-14 10:23:38,NVDA,209.38,891.0,sell,NASDAQ
tx_0002339,2025-06-14 10:23:39,ADBE,577.03,470.0,sell,NASDAQ
tx_0004146,2025-06-14 10:23:40,PEP,146.2,312.0,sell,NYSE
tx_0003562,2025-06-14 10:23:43,WMT,143.97,890.0,buy,NYSE
tx_0000264,2025-06-14 10:23:44,WMT,144.3,559.0,sell,NYSE
tx_0006581,2025-06-14 10:23:50,PYPL,249.6,798.0,buy,NASDAQ
tx_0007754,2025-06-14 10:23:50,NFLX,492.97,417.0,buy,NASDAQ
tx_0006540,2025-06-14 10:23:51,MA,344.68,115.0,buy,NYSE
tx_0004250,2025-06-14 10:23:52,DIS,182.84,980.0,buy,NYSE
tx_0007274,2025-06-14 10:23:58,JNJ,168.28,569.0,buy,NYSE
tx_0003495,2025-06-14 10:23:59,MSFT,314.46,546.0,sell,NASDAQ
tx_0009759,2025-06-14 10:24:00,FB,335.29,743.0,sell,NASDAQ
tx_0005233,2025-06-14 10:24:00,JNJ,170.77,164.0,sell,NYSE
tx_0008951,2025-06-14 10:24:01,MSFT,311.49,154.0,buy,NASDAQ
tx_0009371,2025-06-14 10:24:05,BRK.B,283.14,961.0,buy,NYSE
tx_0005284,2025-06-14 10:24:05,AMZN,3533.45,520.0,sell,NASDAQ
tx_0005348,2025-06-14 10:24:06,AMZN,3559.05,588.0,sell,NASDAQ
tx_0006988,2025-06-14 10:24:09,JNJ,168.48,792.0,buy,NYSE
tx_0002290,2025-06-14 10:24:11,AAPL,142.84,893.0,buy,NASDAQ
tx_0008270,2025-06-14 10:24:12,ADBE,583.27,909.0,buy,NASDAQ
tx_0005460,2025-06-14 10:24:15,TSLA,716.44,884.0,sell,NASDAQ
tx_0008316,2025-06-14 10:24:15,TSLA,714.43,158.0,buy,NASDAQ
tx_0005972,2025-06-14 10:24:16,FB,334.34,760.0,sell,NASDAQ
tx_0000527,2025-06-14 10:24:16,MCD,256.64,378.0,sell,NYSE
tx_0008358,2025-06-14 10:24:17,KO,54.83,660.0,sell,NYSE
tx_0005708,2025-06-14 10:24:17,DIS,179.82,746.0,buy,NYSE
tx_0002616,2025-06-14 10:24:18,PG,138.61,988.0,buy,NYSE
tx_0000477,2025-06-14 10:24:22,ADBE,579.65,566.0,sell,NASDAQ
tx_0006854,2025-06-14 10:24:24,MSFT,309.81,517.0,sell,NASDAQ
tx_0000934,2025-06-14 10:24:29,JNJ,168.6,65.0,buy,NYSE
tx_0001117,2025-06-14 10:24:30,V,212.08,421.0,sell,NYSE
tx_0009599,2025-06-14 10:24:30,FB,338.01,37.0,sell,NASDAQ
tx_0001616,2025-06-14 10:24:32,KO,54.65,853.0,buy,NYSE
tx_0006998,2025-06-14 10:24:35,JNJ,169.71,794.0,sell,NYSE
tx_0003706,2025-06-14 10:24:36,KO,55.25,317.0,sell,NYSE
tx_0007895,2025-06-14 10:24:43,TSLA,710.33,889.0,sell,NASDAQ
tx_0002864,2025-06-14 10:24:45,ADBE,581.47,873.0,sell,NASDAQ
tx_0002878,2025-06-14 10:24:48,DIS,183.01,316.0,sell,NYSE
tx_0004014,2025-06-14 10:24:55,PYPL,248.2,862.0,,NASDAQ
tx_0002714,2025-06-14 10:24:57,JNJ,170.02,49.0,buy,NYSE
tx_0007262,2025-06-14 10:24:59,NFLX,499.5,809.0,buy,NASDAQ
tx_0006164,2025-06-14 10:25:05,BRK.B,284.33,241.0,sell,NYSE
tx_0002731,2025-06-14 10:25:06,MCD,253.11,616.0,buy,NYSE
tx_0005187,2025-06-14 10:25:10,NVDA,208.95,744.0,sell,NASDAQ
tx_0000512,2025-06-14 10:25:10,PEP,147.89,205.0,sell,NYSE
tx_0006531,2025-06-14 10:25:11,PG,138.03,338.0,buy,NYSE
tx_0004086,2025-06-14 10:25:12,ADBE,585.15,744.0,buy,NASDAQ
tx_0005013,2025-06-14 10:25:13,PYPL,246.82,634.0,sell,NASDAQ
tx_0003861,2025-06-14 10:25:15,NFLX,496.98,161.0,buy,NASDAQ
tx_0007479,2025-06-14 10:25:17,ADBE,580.99,979.0,sell,NASDAQ
tx_0003711,2025-06-14 10:25:20,JNJ,167.54,720.0,buy,NYSE
tx_0004559,2025-06-14 10:25:23,JNJ,170.16,862.0,sell,NYSE
tx_0004288,2025-06-14 10:25:24,DIS,181.81,636.0,buy,NYSE
tx_0000256,2025-06-14 10:25:30,NFLX,497.2,582.0,buy,NASDAQ
tx_0000096,2025-06-14 10:25:34,DIS,180.16,233.0,sell,NYSE
tx_0006420,2025-06-14 10:25:36,KO,55.39,393.0,buy,NYSE
tx_0008952,2025-06-14 10:25:36,DIS,179.95,395.0,buy,NYSE
tx_0005383,2025-06-14 10:25:36,AAPL,143.3,697.0,buy,NASDAQ
tx_0005227,2025-06-14 10:25:37,NVDA,205.2,884.0,buy,NASDAQ
tx_0001253,2025-06-14 10:25:38,BRK.B,281.06,818.0,sell,NYSE
tx_0009466,2025-06-14 10:25:39,MSFT,309.93,392.0,,NASDAQ
tx_0008047,2025-06-14 10:25:39,JNJ,167.87,341.0,buy,NYSE
tx_0003125,2025-06-14 10:25:39,NFLX,504.51,51.0,buy,NASDAQ
tx_0003317,2025-06-14 10:25:40,BRK.B,284.01,43.0,buy,NYSE
tx_0009011,2025-06-14 10:25:44,KO,54.83,484.0,sell,NYSE
tx_0001520,2025-06-14 10:25:46,NVDA,207.45,258.0,sell,NASDAQ
tx_0000195,2025-06-14 10:25:47,PYPL,249.24,498.0,sell,NASDAQ
tx_0005755,2025-06-14 10:25:50,JNJ,169.4,452.0,sell,NYSE
tx_0005005,2025-06-14 10:25:56,PYPL,246.2,702.0,sell,NASDAQ
tx_0004758,2025-06-14 10:25:56,WMT,144.06,172.0,buy,NYSE
tx_0003473,2025-06-14 10:26:02,TSLA,,907.0,sell,NASDAQ
tx_0006088,2025-06-14 10:26:04,TSLA,718.43,640.0,buy,NASDAQ
tx_0000754,2025-06-14 10:26:04,KO,55.25,321.0,buy,NYSE
tx_0004897,2025-06-14 10:26:09,PEP,146.11,554.0,sell,NYSE
tx_0001288,2025-06-14 10:26:13,WMT,143.07,997.0,buy,NYSE
tx_0001474,2025-06-14 10:26:16,AMZN,3553.02,797.0,buy,NASDAQ
tx_0002236,2025-06-14 10:26:28,PEP,145.4,789.0,buy,NYSE
tx_0008201,2025-06-14 10:26:32,ADBE,576.83,386.0,buy,NASDAQ
tx_0007211,2025-06-14 10:26:34,V,212.0,468.0,sell,NYSE
tx_0003670,2025-06-14 10:26:35,FB,336.08,467.0,sell,NASDAQ
tx_0000243,2025-06-14 10:26:36,BRK.B,282.45,495.0,sell,NYSE
tx_0002809,2025-06-14 10:26:39,NFLX,502.23,882.0,buy,NASDAQ
tx_0008438,2025-06-14 10:26:41,JNJ,170.93,84.0,sell,NYSE
tx_0002190,2025-06-14 10:26:42,BRK.B,278.83,96.0,sell,NYSE
tx_0001405,2025-06-14 10:26:59,V,213.07,94.0,sell,NYSE
tx_0004158,2025-06-14 10:27:01,GOOGL,2851.72,230.0,buy,NASDAQ
tx_0008621,2025-06-14 10:27:02,NFLX,505.55,955.0,buy,NASDAQ
tx_0003533,2025-06-14 10:27:05,PYPL,247.01,180.0,sell,NASDAQ
tx_0001420,2025-06-14 10:27:06,AAPL,145.15,127.0,sell,NASDAQ
tx_0009329,2025-06-14 10:27:06,PYPL,247.7,717.0,buy,NASDAQ
tx_0005377,2025-06-14 10:27:14,MA,348.02,138.0,sell,NYSE
tx_0001196,2025-06-14 10:27:15,JNJ,168.37,480.0,buy,NYSE
tx_0001953,2025-06-14 10:27:16,FB,340.13,947.0,buy,NASDAQ
tx_0006697,2025-06-14 10:27:17,NFLX,502.3,174.0,sell,NASDAQ
tx_0009549,2025-06-14 10:27:18,V,212.44,573.0,sell,NYSE
tx_0007443,2025-06-14 10:27:19,MSFT,312.62,84.0,buy,NASDAQ
tx_0008504,2025-06-14 10:27:20,NFLX,,350.0,sell,NASDAQ
tx_0002471,2025-06-14 10:27:22,MSFT,312.38,139.0,buy,NASDAQ
tx_0007765,2025-06-14 10:27:34,BRK.B,283.4,214.0,sell,NYSE
tx_0009098,2025-06-14 10:27:34,V,214.26,163.0,buy,NYSE
tx_0008323,2025-06-14 10:27:35,FB,340.32,896.0,buy,NASDAQ
tx_0005944,2025-06-14 10:27:37,AMZN,3527.6,306.0,buy,NASDAQ
tx_0005180,2025-06-14 10:27:39,DIS,178.49,184.0,buy,NYSE
tx_0001973,2025-06-14 10:27:39,V,211.58,403.0,buy,NYSE
tx_0009636,2025-06-14 10:27:44,AAPL,143.34,292.0,sell,NASDAQ
tx_0005578,2025-06-14 10:27:46,ADBE,573.75,146.0,sell,NASDAQ
tx_0006011,2025-06-14 10:27:47,NVDA,206.87,17.0,buy,NASDAQ
tx_0002542,2025-06-14 10:27:50,MCD,255.03,119.0,sell,NYSE
tx_0004517,2025-06-14 10:27:54,PYPL,247.37,128.0,sell,NASDAQ
tx_0004508,2025-06-14 10:27:59,V,210.86,262.0,buy,NYSE
tx_0000885,2025-06-14 10:28:00,V,210.33,556.0,sell,NYSE
tx_0007962,2025-06-14 10:28:01,AAPL,144.93,202.0,buy,NASDAQ
tx_0000605,2025-06-14 10:28:02,FB,335.61,238.0,sell,NASDAQ
tx_0001263,2025-06-14 10:28:04,MSFT,315.35,226.0,buy,NASDAQ
tx_0009589,2025-06-14 10:28:04,NFLX,497.12,685.0,sell,NASDAQ
tx_0004667,2025-06-14 10:28:08,PYPL,245.55,574.0,sell,NASDAQ
tx_0001796,2025-06-14 10:28:09,DIS,180.03,998.0,buy,NYSE
tx_0007255,2025-06-14 10:28:11,V,210.22,441.0,sell,NYSE
tx_0008899,2025-06-14 10:28:19,JNJ,171.16,207.0,sell,NYSE
tx_0004909,2025-06-14 10:28:22,PEP,146.83,325.0,buy,NYSE
tx_0007778,2025-06-14 10:28:23,FB,340.41,289.0,sell,NASDAQ
tx_0002581,2025-06-14 10:28:29,TSLA,710.14,717.0,sell,NASDAQ
tx_0004396,2025-06-14 10:28:30,AAPL,145.34,972.0,sell,NASDAQ
tx_0009840,2025-06-14 10:28:39,JNJ,169.62,40.0,buy,NYSE
tx_0009538,2025-06-14 10:28:41,WMT,144.94,308.0,buy,NYSE
tx_0006580,2025-06-14 10:28:41,DIS,181.3,795.0,buy,NYSE
tx_0001364,2025-06-14 10:28:42,GOOGL,2802.16,892.0,sell,NASDAQ
tx_0006509,2025-06-14 10:28:48,KO,55.16,542.0,sell,NYSE
tx_0005492,2025-06-14 10:28:57,AAPL,145.1,164.0,sell,NASDAQ
tx_0001313,2025-06-14 10:29:07,MA,348.04,466.0,buy,NYSE
tx_0000599,2025-06-14 10:29:10,MA,353.47,506.0,buy,NYSE
tx_0008437,2025-06-14 10:29:11,NVDA,209.84,919.0,buy,NASDAQ
tx_0006907,2025-06-14 10:29:14,WMT,144.39,453.0,buy,NYSE
tx_0001286,2025-06-14 10:29:15,DIS,,336.0,sell,NYSE
tx_0003835,2025-06-14 10:29:19,BRK.B,278.85,968.0,buy,NYSE
tx_0005553,2025-06-14 10:29:20,MA,353.91,332.0,sell,NYSE
tx_0002123,2025-06-14 10:29:22,V,211.86,313.0,sell,NYSE
tx_0006562,2025-06-14 10:29:27,BRK.B,280.6,413.0,buy,NYSE
tx_0006487,2025-06-14 10:29:36,WMT,144.26,817.0,buy,NYSE
tx_0003819,2025-06-14 10:29:41,AAPL,144.54,41.0,sell,NASDAQ
tx_0000657,2025-06-14 10:29:44,PG,136.33,150.0,sell,NYSE
tx_0005475,2025-06-14 10:29:44,JNJ,170.5,166.0,buy,NYSE
tx_0008668,2025-06-14 10:29:47,MA,350.63,497.0,sell,NYSE
tx_0007112,2025-06-14 10:29:48,TSLA,723.45,437.0,sell,NASDAQ
tx_0005696,2025-06-14 10:29:49,MSFT,312.83,536.0,buy,NASDAQ
tx_0008634,2025-06-14 10:29:52,AMZN,3486.27,202.0,sell,NASDAQ
tx_0001009,2025-06-14 10:29:53,PG,137.22,425.0,sell,NYSE
tx_0003035,2025-06-14 10:29:55,KO,54.69,797.0,sell,NYSE
tx_0001248,2025-06-14 10:29:56,PYPL,249.75,641.0,sell,NASDAQ
tx_0002293,2025-06-14 10:29:56,AAPL,142.77,354.0,sell,NASDAQ
tx_0005496,2025-06-14 10:29:59,DIS,180.79,875.0,sell,NYSE
tx_0009467,2025-06-14 10:30:01,KO,54.99,402.0,sell,NYSE
tx_0008233,2025-06-14 10:30:04,AAPL,143.04,137.0,buy,NASDAQ
tx_0006135,2025-06-14 10:30:06,V,213.83,558.0,buy,NYSE
tx_0005754,2025-06-14 10:30:14,ADBE,572.41,472.0,buy,NASDAQ
tx_0004617,2025-06-14 10:30:17,DIS,180.53,995.0,sell,NYSE
tx_0001216,2025-06-14 10:30:17,NVDA,209.96,113.0,sell,NASDAQ
tx_0009685,2025-06-14 10:30:18,MSFT,310.54,150.0,sell,NASDAQ
tx_0009684,2025-06-14 10:30:23,PEP,145.8,809.0,sell,NYSE
tx_0004445,2025-06-14 10:30:31,NFLX,500.88,797.0,buy,NASDAQ
tx_0007902,2025-06-14 10:30:36,NFLX,501.13,193.0,sell,NASDAQ
tx_0009683,2025-06-14 10:30:37,ADBE,575.31,95.0,buy,NASDAQ
tx_0006561,2025-06-14 10:30:39,MSFT,312.9,437.0,sell,NASDAQ
tx_0008898,2025-06-14 10:30:42,AAPL,144.17,968.0,buy,NASDAQ
tx_0003026,2025-06-14 10:30:47,FB,337.11,584.0,buy,NASDAQ
tx_0005658,2025-06-14 10:30:52,GOOGL,2845.12,429.0,sell,NASDAQ
tx_0001679,2025-06-14 10:30:59,AAPL,142.79,910.0,buy,NASDAQ
tx_0008589,2025-06-14 10:31:03,DIS,179.5,584.0,buy,NYSE
tx_0004037,2025-06-14 10:31:13,AMZN,3485.72,508.0,sell,NASDAQ
tx_0008271,2025-06-14 10:31:15,AAPL,142.75,105.0,sell,NASDAQ
tx_0008984,2025-06-14 10:31:17,FB,336.48,268.0,sell,NASDAQ
tx_0001604,2025-06-14 10:31:17,AMZN,3492.83,984.0,buy,NASDAQ
tx_0004174,2025-06-14 10:31:18,MCD,255.64,93.0,sell,NYSE
tx_0004997,2025-06-14 10:31:19,MCD,254.48,532.0,buy,NYSE
tx_0001461,2025-06-14 10:31:33,FB,337.03,512.0,sell,NASDAQ
tx_0007050,2025-06-14 10:31:36,NFLX,502.06,521.0,buy,NASDAQ
tx_0004948,2025-06-14 10:31:38,WMT,145.9,308.0,buy,NYSE
tx_0002739,2025-06-14 10:31:44,BRK.B,280.97,506.0,buy,NYSE
tx_0009432,2025-06-14 10:31:45,AMZN,3499.43,699.0,buy,NASDAQ
tx_0008993,2025-06-14 10:31:45,FB,343.31,965.0,sell,NASDAQ
tx_0001365,2025-06-14 10:31:47,FB,342.75,106.0,sell,NASDAQ
tx_0000481,2025-06-14 10:31:48,DIS,176.73,247.0,sell,NYSE
tx_0006447,2025-06-14 10:31:51,MCD,254.51,278.0,sell,NYSE
tx_0006763,2025-06-14 10:31:52,KO,55.49,762.0,sell,NYSE
tx_0005490,2025-06-14 10:31:53,PG,136.71,306.0,buy,NYSE
tx_0005011,2025-06-14 10:31:56,AAPL,141.98,40.0,sell,NASDAQ
tx_0007707,2025-06-14 10:32:00,MSFT,311.31,708.0,buy,NASDAQ
tx_0007738,2025-06-14 10:32:00,JNJ,172.71,531.0,buy,NYSE
tx_0009233,2025-06-14 10:32:02,MA,351.62,484.0,sell,NYSE
tx_0008610,2025-06-14 10:32:08,AMZN,3474.17,652.0,sell,NASDAQ
tx_0008517,2025-06-14 10:32:16,DIS,178.38,315.0,,NYSE
tx_0005685,2025-06-14 10:32:17,BRK.B,282.85,924.0,buy,NYSE
tx_0005518,2025-06-14 10:32:20,PG,137.21,551.0,buy,NYSE
tx_0004763,2025-06-14 10:32:20,MSFT,313.2,957.0,sell,NASDAQ
tx_0002091,2025-06-14 10:32:20,BRK.B,279.41,545.0,sell,NYSE
tx_0006866,2025-06-14 10:32:21,PYPL,249.68,411.0,buy,NASDAQ
tx_0006795,2025-06-14 10:32:26,NFLX,505.96,369.0,buy,NASDAQ
tx_0005429,2025-06-14 10:32:27,PEP,146.52,529.0,sell,NYSE
tx_0009809,2025-06-14 10:32:30,AMZN,3509.9,136.0,buy,NASDAQ
tx_0003015,2025-06-14 10:32:31,TSLA,718.53,8.0,buy,NASDAQ
tx_0007978,2025-06-14 10:32:31,V,211.9,210.0,buy,NYSE
tx_0007593,2025-06-14 10:32:36,GOOGL,2848.33,,buy,NASDAQ
tx_0008292,2025-06-14 10:32:39,MCD,252.6,205.0,sell,NYSE
tx_0008851,2025-06-14 10:32:42,PG,137.96,864.0,sell,NYSE
tx_0000091,2025-06-14 10:32:44,MA,351.38,229.0,sell,NYSE
tx_0009536,2025-06-14 10:32:45,MCD,254.18,506.0,buy,NYSE
tx_0009027,2025-06-14 10:32:46,PG,136.11,431.0,buy,NYSE
tx_0001806,2025-06-14 10:32:47,PEP,145.54,555.0,buy,NYSE
tx_0007226,2025-06-14 10:32:47,BRK.B,280.03,109.0,buy,NYSE
tx_0007099,2025-06-14 10:32:50,PYPL,248.77,365.0,buy,NASDAQ
tx_0009009,2025-06-14 10:32:59,MA,352.38,16.0,buy,NYSE
tx_0009509,2025-06-14 10:33:00,PG,135.92,938.0,buy,NYSE
tx_0009444,2025-06-14 10:33:01,V,213.19,471.0,sell,NYSE
tx_0001219,2025-06-14 10:33:04,GOOGL,2852.97,622.0,buy,NASDAQ
tx_0002216,2025-06-14 10:33:11,AMZN,3479.58,624.0,sell,NASDAQ
tx_0004625,2025-06-14 10:33:14,BRK.B,283.45,998.0,buy,NYSE
tx_0007465,2025-06-14 10:33:15,WMT,145.35,721.0,buy,NYSE
tx_0008213,2025-06-14 10:33:19,PYPL,,922.0,sell,NASDAQ
tx_0001496,2025-06-14 10:33:20,GOOGL,2868.17,,sell,NASDAQ
tx_0000647,2025-06-14 10:33:20,ADBE,572.8,331.0,buy,NASDAQ
tx_0003942,2025-06-14 10:33:27,AMZN,3477.8,700.0,sell,NASDAQ
tx_0008378,2025-06-14 10:33:27,NVDA,208.32,273.0,buy,NASDAQ
tx_0005694,2025-06-14 10:33:27,MCD,252.65,173.0,sell,NYSE
tx_0003212,2025-06-14 10:33:29,PG,138.25,433.0,sell,NYSE
tx_0004546,2025-06-14 10:33:29,WMT,145.07,958.0,sell,NYSE
tx_0005609,2025-06-14 10:33:31,PYPL,248.69,854.0,buy,NASDAQ
tx_0008699,2025-06-14 10:33:31,GOOGL,2839.76,26.0,sell,NASDAQ
tx_0007031,2025-06-14 10:33:33,BRK.B,280.91,932.0,buy,NYSE
tx_0004788,2025-06-14 10:33:33,MCD,256.37,179.0,buy,NYSE
tx_0002006,2025-06-14 10:33:34,KO,54.69,327.0,buy,NYSE
tx_0003271,2025-06-14 10:33:36,V,213.62,923.0,sell,NYSE
tx_0006445,2025-06-14 10:33:36,GOOGL,2837.61,963.0,sell,NASDAQ
tx_0000194,2025-06-14 10:33:38,PYPL,247.86,95.0,buy,NASDAQ
tx_0004976,2025-06-14 10:33:39,NVDA,206.88,853.0,sell,NASDAQ
tx_0006044,2025-06-14 10:33:41,AMZN,3463.27,705.0,buy,NASDAQ
tx_0006390,2025-06-14 10:33:42,TSLA,719.27,702.0,buy,NASDAQ
tx_0004609,2025-06-14 10:33:46,JNJ,169.42,476.0,sell,NYSE
tx_0001698,2025-06-14 10:33:46,MA,348.59,416.0,buy,NYSE
tx_0007233,2025-06-14 10:33:47,NVDA,209.45,324.0,sell,NASDAQ
tx_0004520,2025-06-14 10:33:47,AMZN,3467.05,262.0,buy,NASDAQ
tx_0001359,2025-06-14 10:33:48,TSLA,725.72,691.0,sell,NASDAQ
tx_0009878,2025-06-14 10:33:49,AMZN,3529.46,491.0,sell,NASDAQ
tx_0007775,2025-06-14 10:33:50,MCD,256.94,506.0,sell,NYSE
tx_0002057,2025-06-14 10:33:51,MSFT,312.07,723.0,buy,NASDAQ
tx_0006231,2025-06-14 10:34:02,V,212.39,500.0,buy,NYSE
tx_0005305,2025-06-14 10:34:05,BRK.B,280.24,608.0,buy,NYSE
tx_0008455,2025-06-14 10:34:06,KO,55.18,451.0,buy,NYSE
tx_0000825,2025-06-14 10:34:10,DIS,176.96,725.0,sell,NYSE
tx_0005832,2025-06-14 10:34:12,NVDA,207.97,278.0,buy,NASDAQ
tx_0008692,2025-06-14 10:34:13,ADBE,582.71,84.0,buy,NASDAQ
tx_0002396,2025-06-14 10:34:14,AMZN,3520.55,536.0,buy,NASDAQ
tx_0001849,2025-06-14 10:34:15,DIS,175.89,63.0,sell,NYSE
tx_0002153,2025-06-14 10:34:17,ADBE,577.74,171.0,buy,NASDAQ
tx_0004290,2025-06-14 10:34:18,JNJ,171.69,932.0,buy,NYSE
tx_0006147,2025-06-14 10:34:18,MCD,254.31,999.0,sell,NYSE
tx_0004148,2025-06-14 10:34:20,NVDA,207.22,206.0,buy,NASDAQ
tx_0008078,2025-06-14 10:34:22,AAPL,143.66,949.0,buy,NASDAQ
tx_0001895,2025-06-14 10:34:23,TSLA,723.01,717.0,sell,NASDAQ
tx_0009099,2025-06-14 10:34:24,V,215.67,72.0,buy,NYSE
tx_0005967,2025-06-14 10:34:27,PG,137.59,530.0,buy,NYSE
tx_0001308,2025-06-14 10:34:27,DIS,178.04,802.0,sell,NYSE
tx_0006477,2025-06-14 10:34:27,FB,337.58,560.0,sell,NASDAQ
tx_0007415,2025-06-14 10:34:29,JNJ,169.88,902.0,buy,NYSE
tx_0008831,2025-06-14 10:34:30,DIS,178.74,209.0,buy,NYSE
tx_0006517,2025-06-14 10:34:35,TSLA,720.48,274.0,sell,NASDAQ
tx_0005678,2025-06-14 10:34:36,FB,343.88,646.0,sell,NASDAQ
tx_0005152,2025-06-14 10:34:38,V,216.03,89.0,sell,NYSE
tx_0000820,2025-06-14 10:34:43,NFLX,502.45,,sell,NASDAQ
tx_0009688,2025-06-14 10:34:45,V,213.91,87.0,sell,NYSE
tx_0008313,2025-06-14 10:34:46,DIS,175.79,506.0,buy,NYSE
tx_0008126,2025-06-14 10:34:49,PG,137.31,322.0,sell,NYSE
tx_0005236,2025-06-14 10:34:51,NFLX,503.41,177.0,buy,NASDAQ
tx_0000747,2025-06-14 10:34:51,NVDA,210.04,677.0,sell,NASDAQ
tx_0003276,2025-06-14 10:34:51,MA,354.54,24.0,buy,NYSE
tx_0000156,2025-06-14 10:34:58,FB,338.21,761.0,buy,NASDAQ
tx_0003503,2025-06-14 10:35:00,GOOGL,2840.88,215.0,buy,NASDAQ
tx_0002186,2025-06-14 10:35:02,WMT,146.23,12.0,sell,NYSE
tx_0000064,2025-06-14 10:35:07,WMT,145.5,744.0,buy,NYSE
tx_0003715,2025-06-14 10:35:07,KO,54.76,67.0,buy,NYSE
tx_0005852,2025-06-14 10:35:07,FB,342.46,194.0,buy,NASDAQ
tx_0003398,2025-06-14 10:35:08,V,212.72,606.0,buy,NYSE
tx_0007655,2025-06-14 10:35:12,MA,354.8,496.0,buy,NYSE
tx_0009361,2025-06-14 10:35:12,GOOGL,2839.73,182.0,sell,NASDAQ
tx_0006481,2025-06-14 10:35:13,BRK.B,278.6,81.0,sell,NYSE
tx_0009544,2025-06-14 10:35:14,KO,54.91,656.0,sell,NYSE
tx_0005822,2025-06-14 10:35:14,AAPL,142.4,924.0,buy,NASDAQ
tx_0001980,2025-06-14 10:35:14,MSFT,309.66,33.0,buy,NASDAQ
tx_0007504,2025-06-14 10:35:16,AMZN,3483.71,120.0,sell,NASDAQ
tx_0003311,2025-06-14 10:35:17,JNJ,169.61,599.0,buy,NYSE
tx_0006648,2025-06-14 10:35:18,KO,54.78,339.0,buy,NYSE
tx_0005550,2025-06-14 10:35:19,GOOGL,2879.71,365.0,buy,NASDAQ
tx_0006017,2025-06-14 10:35:20,AMZN,3499.07,189.0,sell,NASDAQ
tx_0008907,2025-06-14 10:35:20,AAPL,143.77,627.0,sell,NASDAQ
tx_0000923,2025-06-14 10:35:30,MA,354.88,207.0,buy,NYSE
tx_0007764,2025-06-14 10:35:31,JNJ,168.36,284.0,sell,NYSE
tx_0009537,2025-06-14 10:35:32,WMT,144.1,477.0,sell,NYSE
tx_0002641,2025-06-14 10:35:41,PYPL,245.72,268.0,buy,NASDAQ
tx_0000324,2025-06-14 10:35:42,AAPL,143.81,607.0,buy,NASDAQ
tx_0004395,2025-06-14 10:35:46,ADBE,573.71,113.0,buy,NASDAQ
tx_0002521,2025-06-14 10:35:46,PYPL,246.94,943.0,sell,NASDAQ
tx_0005497,2025-06-14 10:35:51,PYPL,248.53,957.0,buy,NASDAQ
tx_0006028,2025-06-14 10:35:52,PYPL,245.24,358.0,buy,NASDAQ
tx_0004068,2025-06-14 10:35:52,PG,137.48,676.0,buy,NYSE
tx_0002968,2025-06-14 10:36:00,V,214.2,325.0,sell,NYSE
tx_0003612,2025-06-14 10:36:01,AAPL,143.35,155.0,sell,NASDAQ
tx_0003286,2025-06-14 10:36:02,BRK.B,284.02,643.0,sell,NYSE
tx_0001158,2025-06-14 10:36:02,DIS,176.07,671.0,buy,NYSE
tx_0008460,2025-06-14 10:36:02,V,216.27,299.0,sell,NYSE
tx_0009607,2025-06-14 10:36:09,AMZN,3534.6,618.0,buy,NASDAQ
tx_0004540,2025-06-14 10:36:15,MCD,254.13,88.0,sell,NYSE
tx_0003809,2025-06-14 10:36:18,V,214.12,777.0,sell,NYSE
tx_0009378,2025-06-14 10:36:19,MA,,927.0,buy,
tx_0005992,2025-06-14 10:36:19,NFLX,499.2,955.0,sell,NASDAQ
tx_0001026,2025-06-14 10:36:30,NVDA,207.77,178.0,buy,NASDAQ
tx_0008222,2025-06-14 10:36:30,AMZN,3534.22,827.0,buy,NASDAQ
tx_0002196,2025-06-14 10:36:33,NFLX,500.98,741.0,buy,NASDAQ
tx_0004323,2025-06-14 10:36:36,ADBE,580.1,514.0,buy,NASDAQ
tx_0005539,2025-06-14 10:36:39,FB,345.24,342.0,sell,NASDAQ
tx_0006337,2025-06-14 10:36:46,FB,344.98,83.0,sell,NASDAQ
tx_0001045,2025-06-14 10:36:47,NFLX,501.5,336.0,sell,NASDAQ
tx_0001581,2025-06-14 10:36:57,PEP,146.02,569.0,buy,NYSE
tx_0002478,2025-06-14 10:37:09,V,215.47,803.0,sell,NYSE
tx_0005168,2025-06-14 10:37:10,ADBE,575.96,974.0,buy,NASDAQ
tx_0006315,2025-06-14 10:37:19,TSLA,710.1,942.0,buy,NASDAQ
tx_0009414,2025-06-14 10:37:20,NFLX,501.95,778.0,sell,NASDAQ
tx_0008163,2025-06-14 10:37:20,DIS,177.36,828.0,sell,NYSE
tx_0008392,2025-06-14 10:37:21,KO,54.1,687.0,sell,NYSE
tx_0001155,2025-06-14 10:37:22,FB,343.46,757.0,sell,NASDAQ
tx_0004527,2025-06-14 10:37:26,TSLA,715.71,889.0,buy,NASDAQ
tx_0002926,2025-06-14 10:37:29,MCD,254.07,568.0,buy,NYSE
tx_0004077,2025-06-14 10:37:29,MSFT,315.38,126.0,sell,NASDAQ
tx_0008525,2025-06-14 10:37:35,MA,352.04,894.0,sell,NYSE
tx_0009628,2025-06-14 10:37:37,KO,54.47,757.0,sell,NYSE
tx_0006399,2025-06-14 10:37:39,AMZN,3535.25,764.0,buy,NASDAQ
tx_0001993,2025-06-14 10:37:40,MCD,256.87,261.0,buy,NYSE
tx_0006271,2025-06-14 10:37:42,DIS,176.69,424.0,buy,NYSE
tx_0008855,2025-06-14 10:37:48,ADBE,575.94,900.0,buy,NASDAQ
tx_0003352,2025-06-14 10:37:50,MCD,255.55,502.0,buy,NYSE
tx_0000922,2025-06-14 10:37:50,PYPL,247.33,779.0,buy,NASDAQ
tx_0009057,2025-06-14 10:37:52,PYPL,245.49,282.0,buy,NASDAQ
tx_0004868,2025-06-14 10:37:54,FB,347.14,868.0,buy,NASDAQ
tx_0007335,2025-06-14 10:37:57,PG,138.11,159.0,sell,NYSE
tx_0008661,2025-06-14 10:37:59,BRK.B,282.82,882.0,buy,NYSE
tx_0004268,2025-06-14 10:38:03,DIS,176.15,608.0,sell,NYSE
tx_0003886,2025-06-14 10:38:03,PEP,144.55,630.0,buy,NYSE
tx_0005851,2025-06-14 10:38:04,PG,138.64,665.0,sell,NYSE
tx_0005165,2025-06-14 10:38:05,V,215.07,221.0,buy,NYSE
tx_0004192,2025-06-14 10:38:05,NVDA,207.77,143.0,sell,NASDAQ
