transaction_id,timestamp,stock_symbol,price,quantity,order_type,exchange
tx_0008883,2025-06-16 09:30:00,AAPL,149.11,887,buy,NASDAQ
tx_0000831,2025-06-16 09:30:01,AMZN,3471.59,127,sell,NASDAQ
tx_0004357,2025-06-16 09:30:12,MSFT,300.37,995,sell,NASDAQ
tx_0008405,2025-06-16 09:30:17,JNJ,171.62,930,sell,NYSE
tx_0006633,2025-06-16 09:30:17,BRK.B,280.99,942,buy,NYSE
tx_0009382,2025-06-16 09:30:18,MA,350.36,950,sell,NYSE
tx_0002232,2025-06-16 09:30:22,ADBE,602.25,844,buy,NASDAQ
tx_0001013,2025-06-16 09:30:24,MCD,247.58,311,sell,NYSE
tx_0009698,2025-06-16 09:30:26,MCD,251.01,915,sell,NYSE
tx_0001349,2025-06-16 09:30:26,FB,331.88,352,buy,NASDAQ
tx_0000874,2025-06-16 09:30:27,MSFT,301.08,278,sell,NASDAQ
tx_0007681,2025-06-16 09:30:34,FB,333.37,607,sell,NASDAQ
tx_0000783,2025-06-16 09:30:35,MSFT,299.45,623,buy,NASDAQ
tx_0000399,2025-06-16 09:30:37,PEP,151.76,922,buy,NYSE
tx_0007375,2025-06-16 09:30:40,PYPL,251.5,601,sell,NASDAQ
tx_0004130,2025-06-16 09:30:51,WMT,138.58,247,sell,NYSE
tx_0003695,2025-06-16 09:30:51,MSFT,301.45,358,sell,NASDAQ
tx_0003348,2025-06-16 09:30:52,FB,332.26,880,buy,NASDAQ
tx_0002400,2025-06-16 09:30:52,GOOGL,2788.11,919,sell,NASDAQ
tx_0007074,2025-06-16 09:30:53,NFLX,499.16,819,sell,NASDAQ
tx_0006929,2025-06-16 09:30:56,TSLA,693.78,212,sell,NASDAQ
tx_0008178,2025-06-16 09:31:01,JNJ,169.49,864,sell,NYSE
tx_0000194,2025-06-16 09:31:03,FB,328.68,700,sell,NASDAQ
tx_0000650,2025-06-16 09:31:05,MCD,247.91,412,buy,NYSE
tx_0001497,2025-06-16 09:31:08,V,221.32,695,sell,NYSE
tx_0008478,2025-06-16 09:31:10,BRK.B,278.18,401,sell,NYSE
tx_0008138,2025-06-16 09:31:10,DIS,182.42,279,buy,NYSE
tx_0006820,2025-06-16 09:31:15,TSLA,694.95,845,buy,NASDAQ
tx_0000089,2025-06-16 09:31:16,FB,,677,sell,NASDAQ
tx_0006294,2025-06-16 09:31:17,PEP,149.16,611,sell,NYSE
tx_0003877,2025-06-16 09:31:18,PEP,150.85,774,sell,NYSE
tx_0001750,2025-06-16 09:31:18,NVDA,198.69,137,buy,NASDAQ
tx_0002772,2025-06-16 09:31:21,MCD,248.15,982,sell,NYSE
tx_0008290,2025-06-16 09:31:23,BRK.B,280.72,980,sell,NYSE
tx_0001929,2025-06-16 09:31:23,BRK.B,280.44,425,buy,NYSE
tx_0001740,2025-06-16 09:31:25,V,219.06,502,sell,NYSE
tx_0005886,2025-06-16 09:31:26,PYPL,248.17,834,buy,NASDAQ
tx_0001872,2025-06-16 09:31:26,JNJ,171.01,715,sell,NYSE
tx_0007748,2025-06-16 09:31:28,PYPL,251.22,502,sell,NASDAQ
tx_0000854,2025-06-16 09:31:29,WMT,140.72,831,buy,NYSE
tx_0007344,2025-06-16 09:31:31,WMT,139.3,330,buy,NYSE
tx_0000380,2025-06-16 09:31:32,MCD,249.4,122,buy,NYSE
tx_0006612,2025-06-16 09:31:35,AAPL,149.84,733,sell,NASDAQ
tx_0004306,2025-06-16 09:31:38,BRK.B,277.54,844,buy,NYSE
tx_0008757,2025-06-16 09:31:38,DIS,180.52,483,sell,NYSE
tx_0002012,2025-06-16 09:31:38,NFLX,502.17,432,sell,NASDAQ
tx_0006161,2025-06-16 09:31:49,AAPL,150.65,436,buy,NASDAQ
tx_0008837,2025-06-16 09:31:56,MA,348.06,163,buy,NYSE
tx_0003421,2025-06-16 09:31:56,GOOGL,2782.8,419,sell,NASDAQ
tx_0008185,2025-06-16 09:31:58,WMT,140.03,923,sell,NYSE
tx_0008829,2025-06-16 09:31:58,PEP,149.34,300,sell,NYSE
tx_0002177,2025-06-16 09:31:59,AMZN,3469.84,835,sell,NASDAQ
tx_0005601,2025-06-16 09:32:01,AAPL,150.36,842,buy,NASDAQ
tx_0007821,2025-06-16 09:32:03,MA,351.62,748,sell,NYSE
tx_0005823,2025-06-16 09:32:11,KO,55.59,558,sell,NYSE
tx_0008781,2025-06-16 09:32:15,GOOGL,2817.12,791,buy,NASDAQ
tx_0009301,2025-06-16 09:32:19,PG,138.67,991,sell,NYSE
tx_0004594,2025-06-16 09:32:22,DIS,181.58,936,buy,NYSE
tx_0004615,2025-06-16 09:32:25,PG,139.14,892,buy,NYSE
tx_0004359,2025-06-16 09:32:27,WMT,138.36,534,buy,NYSE
tx_0007467,2025-06-16 09:32:31,KO,55.49,926,buy,NYSE
tx_0000637,2025-06-16 09:32:32,AAPL,149.21,735,sell,NASDAQ
tx_0003561,2025-06-16 09:32:34,GOOGL,2813.45,899,buy,NASDAQ
tx_0003043,2025-06-16 09:32:36,AMZN,3525.08,358,buy,NASDAQ
tx_0000157,2025-06-16 09:32:36,NVDA,200.62,235,sell,NASDAQ
tx_0001693,2025-06-16 09:32:36,MCD,249.38,305,buy,NYSE
tx_0006756,2025-06-16 09:32:37,NVDA,201.12,936,sell,NASDAQ
tx_0003206,2025-06-16 09:32:43,MA,351.3,593,sell,NYSE
tx_0001071,2025-06-16 09:32:49,WMT,139.48,593,buy,NYSE
tx_0002204,2025-06-16 09:32:50,TSLA,705.18,444,buy,NASDAQ
tx_0008518,2025-06-16 09:32:50,PYPL,248.34,388,buy,NASDAQ
tx_0009703,2025-06-16 09:32:52,JNJ,171.17,958,sell,NYSE
tx_0002046,2025-06-16 09:32:53,PG,140.31,528,sell,NYSE
tx_0009799,2025-06-16 09:32:58,AMZN,3512.93,155,sell,NASDAQ
tx_0004100,2025-06-16 09:33:00,PG,138.72,954,buy,NYSE
tx_0006003,2025-06-16 09:33:00,MSFT,298.98,665,buy,NASDAQ
tx_0006893,2025-06-16 09:33:02,V,220.31,992,sell,NYSE
tx_0006529,2025-06-16 09:33:06,V,220.01,377,buy,NYSE
tx_0009538,2025-06-16 09:33:06,MA,349.36,667,buy,NYSE
tx_0007975,2025-06-16 09:33:07,MSFT,296.93,396,buy,NASDAQ
tx_0005517,2025-06-16 09:33:08,DIS,179.32,810,sell,NYSE
tx_0003305,2025-06-16 09:33:10,KO,55.02,300,sell,NYSE
tx_0000632,2025-06-16 09:33:10,BRK.B,278.18,910,sell,NYSE
tx_0000848,2025-06-16 09:33:11,KO,54.67,601,sell,NYSE
tx_0007864,2025-06-16 09:33:21,ADBE,593.93,326,sell,NASDAQ
tx_0008644,2025-06-16 09:33:25,ADBE,599.75,731,buy,NASDAQ
tx_0001018,2025-06-16 09:33:27,GOOGL,2820.38,466,buy,NASDAQ
tx_0005163,2025-06-16 09:33:31,NFLX,493.52,172,sell,NASDAQ
tx_0008249,2025-06-16 09:33:34,KO,55.15,524,buy,NYSE
tx_0000108,2025-06-16 09:33:37,MSFT,297.77,260,,NASDAQ
tx_0004525,2025-06-16 09:33:40,PEP,148.55,424,sell,NYSE
tx_0004414,2025-06-16 09:33:40,GOOGL,2784.33,579,buy,NASDAQ
tx_0004663,2025-06-16 09:33:42,PYPL,252.92,608,sell,NASDAQ
tx_0004074,2025-06-16 09:33:44,MSFT,302.44,176,buy,NASDAQ
tx_0001457,2025-06-16 09:33:48,BRK.B,276.34,968,buy,NYSE
tx_0009821,2025-06-16 09:33:50,GOOGL,2786.98,769,sell,NASDAQ
tx_0004982,2025-06-16 09:33:50,TSLA,693.44,255,buy,NASDAQ
tx_0009732,2025-06-16 09:33:51,NVDA,199.45,326,buy,NASDAQ
tx_0008961,2025-06-16 09:33:51,BRK.B,274.65,683,sell,NYSE
tx_0006211,2025-06-16 09:33:54,TSLA,701.04,671,buy,NASDAQ
tx_0009833,2025-06-16 09:33:56,BRK.B,277.24,256,buy,
tx_0004809,2025-06-16 09:33:56,WMT,140.84,578,buy,NYSE
tx_0006353,2025-06-16 09:33:59,FB,327.4,219,sell,NASDAQ
tx_0007428,2025-06-16 09:33:59,FB,326.81,998,sell,NASDAQ
tx_0000999,2025-06-16 09:34:03,WMT,140.34,533,sell,NYSE
tx_0007727,2025-06-16 09:34:03,MCD,248.78,258,buy,NYSE
tx_0005583,2025-06-16 09:34:04,PG,140.14,554,buy,NYSE
tx_0000856,2025-06-16 09:34:05,PYPL,251.99,363,sell,NASDAQ
tx_0007848,2025-06-16 09:34:05,MSFT,301.79,382,sell,NASDAQ
tx_0004763,2025-06-16 09:34:07,PEP,148.84,362,sell,NYSE
tx_0007235,2025-06-16 09:34:08,V,219.06,139,sell,NYSE
tx_0001702,2025-06-16 09:34:10,AMZN,3531.44,885,buy,NASDAQ
tx_0006519,2025-06-16 09:34:15,AAPL,150.19,872,sell,NASDAQ
tx_0002773,2025-06-16 09:34:24,MSFT,302.56,508,sell,NASDAQ
tx_0002685,2025-06-16 09:34:24,BRK.B,276.48,676,buy,NYSE
tx_0009308,2025-06-16 09:34:25,PG,139.68,147,sell,NYSE
tx_0006829,2025-06-16 09:34:27,MA,346.32,797,sell,NYSE
tx_0007982,2025-06-16 09:34:29,V,218.45,869,buy,NYSE
tx_0008123,2025-06-16 09:34:35,PG,140.02,936,buy,NYSE
tx_0001487,2025-06-16 09:34:40,TSLA,693.72,492,sell,NASDAQ
tx_0004658,2025-06-16 09:34:42,BRK.B,278.92,886,buy,NYSE
tx_0002281,2025-06-16 09:34:43,TSLA,702.4,974,sell,NASDAQ
tx_0001014,2025-06-16 09:34:43,NFLX,494.5,200,sell,NASDAQ
tx_0009603,2025-06-16 09:34:44,KO,55.02,536,buy,NYSE
tx_0001537,2025-06-16 09:34:45,NFLX,501.34,564,buy,NASDAQ
tx_0006332,2025-06-16 09:34:47,MCD,248.31,303,buy,NYSE
tx_0008365,2025-06-16 09:34:47,BRK.B,278.84,159,sell,NYSE
tx_0006173,2025-06-16 09:34:48,PYPL,252.43,879,buy,NASDAQ
tx_0008187,2025-06-16 09:34:50,GOOGL,2767.65,962,buy,NASDAQ
tx_0000093,2025-06-16 09:34:51,AMZN,3492.9,826,buy,NASDAQ
tx_0008312,2025-06-16 09:34:53,MA,344.35,721,buy,NYSE
tx_0007714,2025-06-16 09:34:59,MSFT,300.67,718,sell,NASDAQ
tx_0006290,2025-06-16 09:35:00,BRK.B,273.67,669,sell,NYSE
tx_0003025,2025-06-16 09:35:02,PG,138.73,294,buy,NYSE
tx_0009733,2025-06-16 09:35:04,BRK.B,275.33,328,buy,NYSE
tx_0000788,2025-06-16 09:35:08,AMZN,3498.8,350,sell,NASDAQ
tx_0009745,2025-06-16 09:35:10,ADBE,597.07,405,buy,NASDAQ
tx_0008006,2025-06-16 09:35:10,AAPL,147.74,234,buy,NASDAQ
tx_0007576,2025-06-16 09:35:11,V,218.02,782,sell,NYSE
tx_0002206,2025-06-16 09:35:12,ADBE,592.01,496,sell,NASDAQ
tx_0000724,2025-06-16 09:35:13,NFLX,501.59,673,buy,NASDAQ
tx_0008363,2025-06-16 09:35:14,FB,329.23,529,sell,NASDAQ
tx_0000226,2025-06-16 09:35:17,PEP,150.02,720,sell,NYSE
tx_0002495,2025-06-16 09:35:19,NVDA,199.51,591,buy,NASDAQ
tx_0003378,2025-06-16 09:35:20,AAPL,148.83,658,buy,NASDAQ
tx_0009170,2025-06-16 09:35:24,JNJ,168.85,316,sell,NYSE
tx_0000045,2025-06-16 09:35:25,PG,139.6,156,buy,NYSE
tx_0007689,2025-06-16 09:35:26,NVDA,198.44,128,buy,NASDAQ
tx_0009495,2025-06-16 09:35:26,FB,330.11,798,buy,NASDAQ
tx_0008503,2025-06-16 09:35:27,WMT,139.62,933,buy,NYSE
tx_0004144,2025-06-16 09:35:28,FB,327.49,869,sell,NASDAQ
tx_0003392,2025-06-16 09:35:33,FB,332.47,493,sell,NASDAQ
tx_0000838,2025-06-16 09:35:36,NVDA,199.26,208,sell,NASDAQ
tx_0000095,2025-06-16 09:35:36,JNJ,166.94,484,sell,NYSE
tx_0007639,2025-06-16 09:35:37,PG,139.98,543,buy,NYSE
tx_0000746,2025-06-16 09:35:38,BRK.B,274.1,368,sell,NYSE
tx_0008196,2025-06-16 09:35:41,WMT,137.77,918,buy,NYSE
tx_0005138,2025-06-16 09:35:42,ADBE,589.77,613,sell,NASDAQ
tx_0006713,2025-06-16 09:35:43,PG,137.79,691,buy,NYSE
tx_0009956,2025-06-16 09:35:43,AMZN,3527.13,352,buy,NASDAQ
tx_0002598,2025-06-16 09:35:46,MA,346.21,533,buy,NYSE
tx_0009243,2025-06-16 09:35:49,GOOGL,2781.77,571,buy,NASDAQ
tx_0006940,2025-06-16 09:35:50,FB,329.14,201,buy,NASDAQ
tx_0001382,2025-06-16 09:35:52,PYPL,251.57,426,sell,NASDAQ
tx_0000297,2025-06-16 09:35:56,NFLX,499.97,401,sell,NASDAQ
tx_0009887,2025-06-16 09:35:59,PG,138.16,284,sell,NYSE
tx_0003632,2025-06-16 09:36:02,BRK.B,277.37,280,sell,NYSE
tx_0006278,2025-06-16 09:36:05,MSFT,301.47,200,sell,NASDAQ
tx_0003905,2025-06-16 09:36:14,KO,55.57,462,sell,NYSE
tx_0004561,2025-06-16 09:36:14,AAPL,150.03,860,buy,NASDAQ
tx_0009018,2025-06-16 09:36:19,KO,55.61,183,sell,NYSE
tx_0005782,2025-06-16 09:36:23,WMT,138.83,540,buy,NYSE
tx_0006752,2025-06-16 09:36:27,WMT,138.76,176,buy,NYSE
tx_0005344,2025-06-16 09:36:32,PYPL,251.08,280,buy,NASDAQ
tx_0002506,2025-06-16 09:36:33,V,222.17,510,buy,NYSE
tx_0002645,2025-06-16 09:36:36,BRK.B,276.0,998,buy,NYSE
tx_0003912,2025-06-16 09:36:37,PYPL,248.8,934,sell,NASDAQ
tx_0008683,2025-06-16 09:36:39,GOOGL,2776.2,682,buy,NASDAQ
tx_0003324,2025-06-16 09:36:45,GOOGL,2802.54,848,buy,NASDAQ
tx_0007624,2025-06-16 09:36:47,NVDA,197.85,666,buy,NASDAQ
tx_0007299,2025-06-16 09:36:47,PYPL,251.71,946,buy,NASDAQ
tx_0006460,2025-06-16 09:36:47,PYPL,250.81,295,buy,NASDAQ
tx_0007492,2025-06-16 09:36:47,MCD,247.98,353,buy,NYSE
tx_0000249,2025-06-16 09:36:49,NFLX,494.02,789,buy,NASDAQ
tx_0003565,2025-06-16 09:36:50,PEP,150.14,111,sell,NYSE
tx_0001996,2025-06-16 09:36:57,ADBE,600.04,671,sell,NASDAQ
tx_0002326,2025-06-16 09:37:02,BRK.B,275.95,575,buy,NYSE
tx_0009933,2025-06-16 09:37:03,MA,350.98,777,buy,NYSE
tx_0003429,2025-06-16 09:37:05,FB,333.32,888,sell,NASDAQ
tx_0002989,2025-06-16 09:37:14,ADBE,598.94,147,sell,NASDAQ
tx_0001894,2025-06-16 09:37:18,AMZN,3495.26,357,buy,NASDAQ
tx_0001229,2025-06-16 09:37:24,ADBE,591.01,145,buy,NASDAQ
tx_0008824,2025-06-16 09:37:28,PYPL,252.27,794,sell,NASDAQ
tx_0005401,2025-06-16 09:37:33,PYPL,251.02,818,buy,NASDAQ
tx_0007785,2025-06-16 09:37:34,WMT,138.79,423,sell,NYSE
tx_0007519,2025-06-16 09:37:37,MCD,251.21,548,sell,NYSE
tx_0004590,2025-06-16 09:37:37,ADBE,590.47,362,sell,NASDAQ
tx_0006410,2025-06-16 09:37:38,MA,351.85,393,sell,NYSE
tx_0004984,2025-06-16 09:37:38,ADBE,596.32,906,sell,NASDAQ
tx_0005997,2025-06-16 09:37:42,DIS,182.83,326,sell,NYSE
tx_0000512,2025-06-16 09:37:43,MCD,250.22,916,sell,NYSE
tx_0002386,2025-06-16 09:37:44,FB,332.57,193,buy,NASDAQ
tx_0005826,2025-06-16 09:37:46,GOOGL,2745.28,363,buy,NASDAQ
tx_0000905,2025-06-16 09:37:49,ADBE,588.13,806,sell,NASDAQ
tx_0002851,2025-06-16 09:37:50,MCD,248.01,423,sell,NYSE
tx_0001749,2025-06-16 09:37:51,NFLX,497.21,134,buy,NASDAQ
tx_0003999,2025-06-16 09:37:53,FB,334.36,973,sell,NASDAQ
tx_0001186,2025-06-16 09:37:56,KO,55.44,647,buy,NYSE
tx_0007703,2025-06-16 09:37:57,AAPL,150.55,976,sell,NASDAQ
tx_0003797,2025-06-16 09:37:58,MCD,252.55,243,buy,NYSE
tx_0006540,2025-06-16 09:37:59,PYPL,248.56,612,buy,NASDAQ
tx_0004970,2025-06-16 09:38:00,TSLA,696.2,364,sell,NASDAQ
tx_0001307,2025-06-16 09:38:00,PEP,148.37,935,sell,NYSE
tx_0002320,2025-06-16 09:38:00,TSLA,690.6,500,buy,NASDAQ
tx_0001649,2025-06-16 09:38:01,MCD,249.77,329,sell,NYSE
tx_0001428,2025-06-16 09:38:01,FB,333.73,539,buy,NASDAQ
tx_0007948,2025-06-16 09:38:03,WMT,139.15,120,sell,NYSE
tx_0005539,2025-06-16 09:38:06,KO,56.11,539,buy,NYSE
tx_0005639,2025-06-16 09:38:06,BRK.B,275.79,399,sell,NYSE
tx_0003156,2025-06-16 09:38:06,PYPL,248.69,725,buy,NASDAQ
tx_0001331,2025-06-16 09:38:09,MA,349.06,362,sell,NYSE
tx_0009054,2025-06-16 09:38:11,ADBE,599.61,579,buy,NASDAQ
tx_0005987,2025-06-16 09:38:12,PG,137.57,665,sell,NYSE
tx_0004403,2025-06-16 09:38:12,NFLX,501.16,504,sell,NASDAQ
tx_0007030,2025-06-16 09:38:13,FB,329.57,262,sell,NASDAQ
tx_0004242,2025-06-16 09:38:13,BRK.B,275.51,238,,NYSE
tx_0007661,2025-06-16 09:38:14,MSFT,299.14,639,sell,NASDAQ
tx_0009807,2025-06-16 09:38:25,NVDA,195.19,181,sell,NASDAQ
tx_0007122,2025-06-16 09:38:26,NFLX,500.16,920,buy,NASDAQ
tx_0009932,2025-06-16 09:38:30,AAPL,150.24,915,buy,NASDAQ
tx_0006813,2025-06-16 09:38:32,ADBE,589.4,512,sell,NASDAQ
tx_0007047,2025-06-16 09:38:32,NVDA,198.51,546,sell,NASDAQ
tx_0005638,2025-06-16 09:38:33,AAPL,147.65,791,sell,NASDAQ
tx_0006092,2025-06-16 09:38:33,MCD,247.84,837,sell,NYSE
tx_0003433,2025-06-16 09:38:35,WMT,138.75,775,buy,NYSE
tx_0001836,2025-06-16 09:38:38,TSLA,696.54,108,sell,NASDAQ
tx_0005888,2025-06-16 09:38:39,KO,55.46,397,buy,NYSE
tx_0007217,2025-06-16 09:38:40,WMT,140.57,288,buy,NYSE
tx_0006766,2025-06-16 09:38:43,V,223.43,960,sell,NYSE
tx_0004680,2025-06-16 09:38:44,NVDA,195.71,116,sell,NASDAQ
tx_0006277,2025-06-16 09:38:44,AMZN,3583.83,484,sell,NASDAQ
tx_0009510,2025-06-16 09:38:48,ADBE,595.41,542,sell,NASDAQ
tx_0009455,2025-06-16 09:38:49,WMT,140.49,441,buy,NYSE
tx_0009509,2025-06-16 09:38:50,PG,139.92,569,buy,NYSE
tx_0001631,2025-06-16 09:38:55,NVDA,199.24,841,sell,NASDAQ
tx_0000719,2025-06-16 09:38:55,PYPL,,443,buy,NASDAQ
tx_0005961,2025-06-16 09:38:59,WMT,140.66,373,buy,NYSE
tx_0004593,2025-06-16 09:39:02,MCD,250.84,974,sell,NYSE
tx_0009640,2025-06-16 09:39:04,ADBE,590.38,420,buy,NASDAQ
tx_0009107,2025-06-16 09:39:09,FB,330.1,461,buy,NASDAQ
tx_0008256,2025-06-16 09:39:10,GOOGL,2754.12,562,buy,NASDAQ
tx_0007870,2025-06-16 09:39:10,NFLX,497.38,615,buy,NASDAQ
tx_0000977,2025-06-16 09:39:11,NFLX,497.58,665,buy,NASDAQ
tx_0009013,2025-06-16 09:39:13,WMT,139.54,454,sell,NYSE
tx_0005787,2025-06-16 09:39:14,PG,138.79,282,sell,NYSE
tx_0000562,2025-06-16 09:39:14,FB,330.66,970,sell,NASDAQ
tx_0004671,2025-06-16 09:39:17,ADBE,589.9,846,sell,NASDAQ
tx_0004434,2025-06-16 09:39:17,JNJ,168.09,282,sell,NYSE
tx_0009544,2025-06-16 09:39:18,V,220.8,696,buy,NYSE
tx_0000014,2025-06-16 09:39:21,PG,138.82,439,buy,NYSE
tx_0006444,2025-06-16 09:39:23,GOOGL,2763.19,698,sell,NASDAQ
tx_0001914,2025-06-16 09:39:26,NVDA,197.98,661,buy,NASDAQ
tx_0008049,2025-06-16 09:39:27,MA,349.46,422,buy,NYSE
tx_0006449,2025-06-16 09:39:28,NFLX,494.71,181,sell,NASDAQ
tx_0002415,2025-06-16 09:39:31,MA,353.64,649,buy,NYSE
tx_0001822,2025-06-16 09:39:32,V,219.99,500,sell,NYSE
tx_0002390,2025-06-16 09:39:34,NFLX,491.7,906,buy,NASDAQ
tx_0005604,2025-06-16 09:39:36,AMZN,3588.09,745,sell,NASDAQ
tx_0005637,2025-06-16 09:39:38,MCD,250.91,433,buy,NYSE
tx_0005041,2025-06-16 09:39:39,MA,350.19,773,buy,NYSE
tx_0003629,2025-06-16 09:39:40,AMZN,3569.09,276,buy,NASDAQ
tx_0003826,2025-06-16 09:39:42,ADBE,600.02,768,sell,NASDAQ
tx_0008284,2025-06-16 09:39:43,NVDA,197.67,474,sell,NASDAQ
tx_0000537,2025-06-16 09:39:44,PEP,150.33,469,sell,NYSE
tx_0005574,2025-06-16 09:39:46,MSFT,300.41,623,buy,NASDAQ
tx_0008563,2025-06-16 09:39:46,PEP,151.51,537,,NYSE
tx_0001369,2025-06-16 09:39:48,NFLX,497.72,461,,NASDAQ
tx_0004298,2025-06-16 09:39:50,PG,139.72,902,sell,NYSE
tx_0001888,2025-06-16 09:39:50,PYPL,249.77,964,sell,NASDAQ
tx_0000240,2025-06-16 09:39:51,PEP,150.65,386,buy,NYSE
tx_0001867,2025-06-16 09:39:55,NVDA,195.47,143,,NASDAQ
tx_0004802,2025-06-16 09:39:59,DIS,180.81,401,buy,NYSE
tx_0004395,2025-06-16 09:40:02,V,222.85,270,buy,NYSE
tx_0007754,2025-06-16 09:40:05,JNJ,167.83,805,buy,NYSE
tx_0005996,2025-06-16 09:40:07,ADBE,596.6,402,sell,NASDAQ
tx_0002580,2025-06-16 09:40:08,V,223.11,110,sell,NYSE
tx_0002913,2025-06-16 09:40:08,KO,55.72,486,buy,NYSE
tx_0008349,2025-06-16 09:40:08,DIS,181.48,955,sell,NYSE
tx_0008024,2025-06-16 09:40:08,FB,332.13,212,buy,NASDAQ
tx_0005446,2025-06-16 09:40:12,PEP,151.47,229,sell,NYSE
tx_0000168,2025-06-16 09:40:12,ADBE,599.94,669,sell,NASDAQ
tx_0009435,2025-06-16 09:40:15,ADBE,593.63,761,buy,NASDAQ
tx_0004013,2025-06-16 09:40:21,PYPL,251.34,916,buy,NASDAQ
tx_0000661,2025-06-16 09:40:35,NFLX,489.25,941,sell,NASDAQ
tx_0001791,2025-06-16 09:40:36,MCD,248.56,188,sell,NYSE
tx_0002382,2025-06-16 09:40:36,MSFT,296.06,699,buy,NASDAQ
tx_0008591,2025-06-16 09:40:36,WMT,140.99,378,buy,NYSE
tx_0005954,2025-06-16 09:40:37,TSLA,695.51,762,buy,NASDAQ
tx_0001178,2025-06-16 09:40:38,ADBE,594.68,979,buy,NASDAQ
tx_0007430,2025-06-16 09:40:40,ADBE,590.32,665,buy,NASDAQ
tx_0000109,2025-06-16 09:40:43,AMZN,3564.18,125,sell,NASDAQ
tx_0009327,2025-06-16 09:40:45,MSFT,297.97,741,buy,NASDAQ
tx_0000790,2025-06-16 09:40:51,PEP,148.82,674,buy,NYSE
tx_0005571,2025-06-16 09:40:53,MCD,246.53,692,sell,NYSE
tx_0002154,2025-06-16 09:40:53,AAPL,148.22,759,buy,NASDAQ
tx_0004373,2025-06-16 09:40:55,V,219.14,100,buy,NYSE
tx_0009440,2025-06-16 09:40:58,GOOGL,2769.74,171,sell,NASDAQ
tx_0000642,2025-06-16 09:40:59,NFLX,492.45,529,buy,NASDAQ
tx_0007473,2025-06-16 09:41:01,MSFT,299.92,137,buy,NASDAQ
tx_0004838,2025-06-16 09:41:01,NFLX,490.99,676,buy,NASDAQ
tx_0002521,2025-06-16 09:41:05,WMT,138.56,716,sell,NYSE
tx_0003986,2025-06-16 09:41:05,PEP,148.87,916,sell,NYSE
tx_0007723,2025-06-16 09:41:07,PEP,151.11,592,buy,NYSE
tx_0002361,2025-06-16 09:41:07,NVDA,198.9,430,sell,NASDAQ
tx_0005612,2025-06-16 09:41:08,MA,351.67,924,sell,NYSE
tx_0004027,2025-06-16 09:41:09,V,218.75,110,sell,NYSE
tx_0004202,2025-06-16 09:41:13,WMT,139.46,713,sell,NYSE
tx_0003246,2025-06-16 09:41:18,KO,55.29,319,buy,NYSE
tx_0009210,2025-06-16 09:41:20,BRK.B,272.62,182,buy,NYSE
tx_0006696,2025-06-16 09:41:23,JNJ,169.04,728,sell,NYSE
tx_0003840,2025-06-16 09:41:25,PG,138.27,129,buy,NYSE
tx_0004660,2025-06-16 09:41:26,PG,139.24,482,sell,NYSE
tx_0008555,2025-06-16 09:41:29,MCD,246.28,530,buy,NYSE
tx_0008590,2025-06-16 09:41:30,MA,350.44,923,sell,NYSE
tx_0000952,2025-06-16 09:41:31,AAPL,149.34,525,buy,NASDAQ
tx_0009145,2025-06-16 09:41:31,MSFT,294.23,355,sell,NASDAQ
tx_0006900,2025-06-16 09:41:45,AAPL,149.04,777,buy,NASDAQ
tx_0001297,2025-06-16 09:41:47,FB,329.52,490,buy,NASDAQ
tx_0001782,2025-06-16 09:41:47,NFLX,494.67,373,sell,NASDAQ
tx_0003923,2025-06-16 09:41:53,PG,139.04,634,buy,NYSE
tx_0005751,2025-06-16 09:41:56,WMT,139.21,268,buy,NYSE
tx_0003363,2025-06-16 09:41:59,NVDA,198.1,502,buy,NASDAQ
tx_0006402,2025-06-16 09:42:01,MSFT,295.15,337,sell,NASDAQ
tx_0008119,2025-06-16 09:42:05,AMZN,3519.69,789,sell,NASDAQ
tx_0005993,2025-06-16 09:42:10,AAPL,148.88,535,sell,NASDAQ
tx_0001347,2025-06-16 09:42:11,AAPL,146.98,190,sell,NASDAQ
tx_0001801,2025-06-16 09:42:11,PG,137.35,307,buy,NYSE
tx_0001029,2025-06-16 09:42:12,PEP,148.13,862,buy,NYSE
tx_0000427,2025-06-16 09:42:12,MCD,249.63,798,sell,NYSE
tx_0004333,2025-06-16 09:42:14,NVDA,200.29,892,buy,NASDAQ
tx_0009196,2025-06-16 09:42:15,PYPL,252.06,864,sell,NASDAQ
tx_0006994,2025-06-16 09:42:17,PG,138.59,934,,NYSE
tx_0005472,2025-06-16 09:42:18,KO,55.46,783,buy,NYSE
tx_0006450,2025-06-16 09:42:18,KO,55.3,255,sell,NYSE
tx_0006155,2025-06-16 09:42:20,GOOGL,2774.46,647,buy,NASDAQ
tx_0005203,2025-06-16 09:42:20,PEP,150.66,472,buy,NYSE
tx_0004958,2025-06-16 09:42:22,MSFT,298.42,256,buy,NASDAQ
tx_0009828,2025-06-16 09:42:27,WMT,139.8,704,sell,NYSE
tx_0001365,2025-06-16 09:42:32,KO,55.95,953,sell,NYSE
tx_0008892,2025-06-16 09:42:32,ADBE,596.19,673,sell,NASDAQ
tx_0008137,2025-06-16 09:42:34,MA,352.67,274,buy,NYSE
tx_0005679,2025-06-16 09:42:38,JNJ,167.43,363,buy,NYSE
tx_0000551,2025-06-16 09:42:38,AAPL,148.96,203,sell,NASDAQ
tx_0008246,2025-06-16 09:42:40,BRK.B,273.07,996,buy,NYSE
tx_0009736,2025-06-16 09:42:42,PG,138.84,954,buy,NYSE
tx_0006701,2025-06-16 09:42:44,JNJ,166.83,859,buy,NYSE
tx_0003524,2025-06-16 09:42:44,MCD,248.84,991,buy,NYSE
tx_0005437,2025-06-16 09:42:46,DIS,185.69,902,buy,NYSE
tx_0009080,2025-06-16 09:42:48,MCD,249.43,949,sell,NYSE
tx_0005722,2025-06-16 09:42:49,MCD,251.3,226,buy,NYSE
tx_0004545,2025-06-16 09:42:56,NVDA,199.73,278,buy,NASDAQ
tx_0007614,2025-06-16 09:42:59,V,222.0,452,sell,NYSE
tx_0008597,2025-06-16 09:43:00,MA,349.85,890,sell,NYSE
tx_0007000,2025-06-16 09:43:00,NFLX,493.36,452,sell,NASDAQ
tx_0002462,2025-06-16 09:43:08,NFLX,491.9,252,sell,NASDAQ
tx_0000438,2025-06-16 09:43:09,PYPL,249.64,962,sell,NASDAQ
tx_0003693,2025-06-16 09:43:12,FB,332.26,708,sell,NASDAQ
tx_0002629,2025-06-16 09:43:12,WMT,138.3,164,buy,NYSE
tx_0002860,2025-06-16 09:43:15,PG,138.43,278,sell,NYSE
tx_0007146,2025-06-16 09:43:15,NVDA,199.3,693,buy,NASDAQ
tx_0002699,2025-06-16 09:43:16,GOOGL,2791.23,927,buy,NASDAQ
tx_0001825,2025-06-16 09:43:17,AAPL,146.89,927,sell,NASDAQ
tx_0006426,2025-06-16 09:43:17,NFLX,495.13,899,sell,NASDAQ
tx_0001540,2025-06-16 09:43:21,KO,55.73,235,sell,NYSE
tx_0002078,2025-06-16 09:43:25,MA,348.46,582,buy,NYSE
tx_0008986,2025-06-16 09:43:31,AAPL,146.62,823,buy,NASDAQ
tx_0005386,2025-06-16 09:43:32,WMT,137.93,910,sell,NYSE
tx_0001201,2025-06-16 09:43:33,NFLX,486.85,110,buy,NASDAQ
tx_0004224,2025-06-16 09:43:34,FB,332.74,443,sell,NASDAQ
tx_0007828,2025-06-16 09:43:37,NVDA,197.54,110,buy,NASDAQ
tx_0006473,2025-06-16 09:43:39,FB,332.84,555,sell,NASDAQ
tx_0008722,2025-06-16 09:43:39,ADBE,601.29,737,buy,NASDAQ
tx_0004343,2025-06-16 09:43:43,NFLX,491.97,298,sell,NASDAQ
tx_0000009,2025-06-16 09:43:46,KO,55.26,102,buy,NYSE
tx_0003817,2025-06-16 09:43:46,MSFT,300.59,688,sell,NASDAQ
tx_0002226,2025-06-16 09:43:49,MA,352.0,507,buy,NYSE
tx_0009134,2025-06-16 09:43:52,KO,55.23,610,sell,NYSE
tx_0001466,2025-06-16 09:43:52,DIS,185.12,765,buy,NYSE
tx_0006421,2025-06-16 09:43:55,WMT,138.31,130,sell,NYSE
tx_0007956,2025-06-16 09:43:57,GOOGL,2811.88,169,buy,NASDAQ
tx_0003621,2025-06-16 09:43:57,ADBE,595.5,440,sell,NASDAQ
tx_0007572,2025-06-16 09:43:58,ADBE,600.09,751,sell,NASDAQ
tx_0000312,2025-06-16 09:43:59,NFLX,493.22,827,buy,NASDAQ
tx_0001433,2025-06-16 09:44:00,TSLA,692.35,744,buy,NASDAQ
tx_0000434,2025-06-16 09:44:02,AAPL,148.47,489,sell,NASDAQ
tx_0000621,2025-06-16 09:44:12,PYPL,250.65,499,buy,NASDAQ
tx_0009133,2025-06-16 09:44:12,NFLX,486.87,553,sell,NASDAQ
tx_0005385,2025-06-16 09:44:14,WMT,140.16,750,sell,NYSE
tx_0002545,2025-06-16 09:44:14,V,219.16,244,sell,NYSE
tx_0005959,2025-06-16 09:44:15,MA,347.95,146,buy,NYSE
tx_0004500,2025-06-16 09:44:15,WMT,139.26,114,sell,NYSE
tx_0001096,2025-06-16 09:44:19,MSFT,299.53,900,buy,NASDAQ
tx_0002630,2025-06-16 09:44:24,MCD,251.54,396,buy,NYSE
tx_0000120,2025-06-16 09:44:26,BRK.B,275.82,530,sell,NYSE
tx_0006250,2025-06-16 09:44:26,TSLA,679.1,384,sell,NASDAQ
tx_0007320,2025-06-16 09:44:28,DIS,182.64,341,buy,NYSE
tx_0000501,2025-06-16 09:44:28,JNJ,167.46,323,buy,NYSE
tx_0000485,2025-06-16 09:44:30,GOOGL,2809.81,517,sell,NASDAQ
tx_0000518,2025-06-16 09:44:33,FB,330.44,932,sell,NASDAQ
tx_0001959,2025-06-16 09:44:37,FB,333.07,846,,NASDAQ
tx_0009390,2025-06-16 09:44:42,V,222.82,817,buy,NYSE
tx_0002256,2025-06-16 09:44:47,AAPL,147.4,207,buy,NASDAQ
tx_0002889,2025-06-16 09:44:49,BRK.B,277.18,592,buy,NYSE
tx_0008305,2025-06-16 09:44:54,MA,346.69,401,sell,NYSE
tx_0003181,2025-06-16 09:44:55,JNJ,166.3,755,sell,NYSE
tx_0004108,2025-06-16 09:44:57,GOOGL,2790.49,263,sell,NASDAQ
tx_0008792,2025-06-16 09:45:00,AMZN,3578.68,436,buy,NASDAQ
tx_0008092,2025-06-16 09:45:03,PEP,148.54,914,sell,NYSE
tx_0001924,2025-06-16 09:45:21,NFLX,492.66,830,buy,NASDAQ
tx_0002792,2025-06-16 09:45:26,GOOGL,2764.68,830,sell,NASDAQ
tx_0009765,2025-06-16 09:45:29,ADBE,591.96,132,buy,NASDAQ
tx_0000994,2025-06-16 09:45:29,ADBE,598.51,401,buy,NASDAQ
tx_0006477,2025-06-16 09:45:29,TSLA,688.77,113,sell,NASDAQ
tx_0006145,2025-06-16 09:45:31,MCD,248.6,730,buy,NYSE
tx_0005057,2025-06-16 09:45:33,WMT,140.32,534,buy,NYSE
tx_0003406,2025-06-16 09:45:33,NVDA,200.78,268,buy,NASDAQ
tx_0007065,2025-06-16 09:45:36,ADBE,599.43,594,sell,NASDAQ
tx_0008403,2025-06-16 09:45:37,NVDA,199.27,984,buy,NASDAQ
tx_0004569,2025-06-16 09:45:41,MCD,251.76,931,sell,NYSE
tx_0004095,2025-06-16 09:45:42,V,219.55,760,sell,NYSE
tx_0006016,2025-06-16 09:45:44,PG,139.68,120,sell,NYSE
tx_0001266,2025-06-16 09:45:44,PYPL,252.36,173,buy,NASDAQ
tx_0005403,2025-06-16 09:45:44,GOOGL,2808.32,298,buy,NASDAQ
tx_0000318,2025-06-16 09:45:47,GOOGL,2811.38,288,buy,NASDAQ
tx_0002657,2025-06-16 09:45:48,TSLA,682.29,764,sell,NASDAQ
tx_0002544,2025-06-16 09:45:53,FB,327.24,302,buy,NASDAQ
tx_0009601,2025-06-16 09:46:05,MSFT,300.35,443,sell,NASDAQ
tx_0002795,2025-06-16 09:46:09,MSFT,299.23,644,sell,NASDAQ
tx_0006366,2025-06-16 09:46:11,PG,137.37,666,sell,NYSE
tx_0009959,2025-06-16 09:46:12,TSLA,676.07,310,buy,NASDAQ
tx_0000261,2025-06-16 09:46:17,TSLA,677.62,746,sell,NASDAQ
tx_0007149,2025-06-16 09:46:19,PYPL,250.47,747,buy,NASDAQ
tx_0006431,2025-06-16 09:46:23,GOOGL,2787.53,899,sell,NASDAQ
tx_0001239,2025-06-16 09:46:26,JNJ,165.93,106,sell,NYSE
tx_0004692,2025-06-16 09:46:29,GOOGL,2795.54,218,buy,NASDAQ
tx_0001781,2025-06-16 09:46:30,NFLX,485.77,927,sell,NASDAQ
tx_0000137,2025-06-16 09:46:32,GOOGL,2814.16,984,sell,NASDAQ
tx_0001553,2025-06-16 09:46:32,NFLX,487.35,716,sell,NASDAQ
tx_0004785,2025-06-16 09:46:33,NVDA,199.12,149,buy,NASDAQ
tx_0001741,2025-06-16 09:46:35,ADBE,,974,sell,NASDAQ
tx_0006553,2025-06-16 09:46:36,BRK.B,277.78,190,buy,NYSE
tx_0008042,2025-06-16 09:46:37,PYPL,249.22,955,buy,NASDAQ
tx_0001025,2025-06-16 09:46:39,FB,331.6,462,buy,NASDAQ
tx_0004553,2025-06-16 09:46:39,WMT,140.28,832,buy,NYSE
tx_0006907,2025-06-16 09:46:39,JNJ,168.13,966,buy,NYSE
tx_0007822,2025-06-16 09:46:40,MCD,248.79,540,buy,NYSE
tx_0005477,2025-06-16 09:46:44,V,221.28,761,buy,NYSE
tx_0001967,2025-06-16 09:46:46,BRK.B,275.04,708,buy,NYSE
tx_0005436,2025-06-16 09:46:48,MSFT,296.81,728,buy,NASDAQ
tx_0002291,2025-06-16 09:46:56,PYPL,250.91,953,sell,NASDAQ
tx_0001416,2025-06-16 09:46:57,NVDA,201.14,826,buy,NASDAQ
tx_0000825,2025-06-16 09:46:58,NVDA,199.17,814,sell,NASDAQ
tx_0007283,2025-06-16 09:46:58,MSFT,300.91,749,buy,NASDAQ
tx_0002331,2025-06-16 09:47:01,V,219.65,127,sell,NYSE
tx_0003177,2025-06-16 09:47:03,GOOGL,2817.94,106,buy,NASDAQ
tx_0005043,2025-06-16 09:47:04,BRK.B,278.96,494,sell,NYSE
tx_0000785,2025-06-16 09:47:06,MCD,252.71,342,sell,NYSE
tx_0005727,2025-06-16 09:47:06,TSLA,679.55,552,sell,NASDAQ
tx_0003466,2025-06-16 09:47:10,MCD,252.74,257,buy,NYSE
tx_0009349,2025-06-16 09:47:13,V,222.89,654,buy,NYSE
tx_0005740,2025-06-16 09:47:18,DIS,185.72,810,sell,NYSE
tx_0004810,2025-06-16 09:47:18,AAPL,148.6,717,buy,NASDAQ
tx_0004889,2025-06-16 09:47:18,PYPL,249.65,676,buy,NASDAQ
tx_0006810,2025-06-16 09:47:19,MSFT,300.52,847,buy,NASDAQ
tx_0007679,2025-06-16 09:47:22,ADBE,592.67,772,sell,NASDAQ
tx_0000973,2025-06-16 09:47:23,PG,138.04,278,sell,NYSE
tx_0007361,2025-06-16 09:47:26,WMT,140.35,572,sell,NYSE
tx_0003201,2025-06-16 09:47:28,MSFT,300.29,680,buy,NASDAQ
tx_0002595,2025-06-16 09:47:29,V,219.71,268,sell,NYSE
tx_0007829,2025-06-16 09:47:30,TSLA,676.57,229,buy,NASDAQ
tx_0002993,2025-06-16 09:47:31,AAPL,146.87,415,buy,NASDAQ
tx_0002143,2025-06-16 09:47:35,MCD,254.01,386,buy,NYSE
tx_0007918,2025-06-16 09:47:35,FB,333.4,578,buy,NASDAQ
tx_0009997,2025-06-16 09:47:35,MSFT,298.14,225,buy,NASDAQ
tx_0006430,2025-06-16 09:47:36,GOOGL,2784.92,726,sell,NASDAQ
tx_0000776,2025-06-16 09:47:36,MCD,253.36,566,sell,NYSE
tx_0003803,2025-06-16 09:47:39,WMT,140.54,358,sell,NYSE
tx_0003413,2025-06-16 09:47:45,BRK.B,275.33,274,sell,NYSE
tx_0008796,2025-06-16 09:47:54,DIS,182.63,528,sell,NYSE
tx_0004009,2025-06-16 09:47:57,GOOGL,2811.52,261,buy,NASDAQ
tx_0004101,2025-06-16 09:47:58,ADBE,600.28,941,sell,NASDAQ
tx_0006151,2025-06-16 09:47:58,AMZN,3566.67,561,buy,NASDAQ
tx_0005920,2025-06-16 09:47:58,MCD,250.03,983,buy,NYSE
tx_0002794,2025-06-16 09:48:03,AAPL,147.84,868,sell,NASDAQ
tx_0001261,2025-06-16 09:48:07,ADBE,590.88,391,buy,NASDAQ
tx_0009168,2025-06-16 09:48:11,PEP,150.16,916,buy,NYSE
tx_0007881,2025-06-16 09:48:13,KO,55.05,547,sell,NYSE
tx_0007795,2025-06-16 09:48:19,FB,331.28,595,sell,NASDAQ
tx_0006090,2025-06-16 09:48:28,TSLA,679.37,856,sell,NASDAQ
tx_0009596,2025-06-16 09:48:30,BRK.B,277.09,308,buy,NYSE
tx_0006744,2025-06-16 09:48:39,NFLX,489.24,393,buy,NASDAQ
tx_0007444,2025-06-16 09:48:40,AMZN,3536.3,988,buy,NASDAQ
tx_0008373,2025-06-16 09:48:41,BRK.B,277.61,687,sell,NYSE
tx_0008579,2025-06-16 09:48:43,FB,334.03,919,buy,NASDAQ
tx_0000931,2025-06-16 09:48:44,DIS,185.87,858,sell,NYSE
tx_0001361,2025-06-16 09:48:47,AAPL,146.01,359,sell,NASDAQ
tx_0006830,2025-06-16 09:48:48,AMZN,3534.2,361,buy,NASDAQ
tx_0001053,2025-06-16 09:48:53,AMZN,3597.09,836,,NASDAQ
tx_0005905,2025-06-16 09:48:55,PYPL,248.3,209,sell,NASDAQ
tx_0008623,2025-06-16 09:48:58,NVDA,201.73,410,sell,NASDAQ
tx_0004190,2025-06-16 09:49:07,MSFT,296.51,193,sell,NASDAQ
tx_0004563,2025-06-16 09:49:12,NVDA,199.55,479,buy,NASDAQ
tx_0002317,2025-06-16 09:49:13,NVDA,198.19,570,sell,NASDAQ
tx_0009389,2025-06-16 09:49:14,PG,140.48,345,buy,NYSE
tx_0007666,2025-06-16 09:49:14,FB,332.81,940,sell,NASDAQ
tx_0005075,2025-06-16 09:49:22,JNJ,164.67,712,sell,NYSE
tx_0006866,2025-06-16 09:49:23,TSLA,683.79,432,buy,NASDAQ
tx_0005752,2025-06-16 09:49:25,PYPL,249.4,140,sell,NASDAQ
tx_0009307,2025-06-16 09:49:26,TSLA,677.73,953,sell,NASDAQ
tx_0003304,2025-06-16 09:49:32,JNJ,,985,buy,NYSE
tx_0009688,2025-06-16 09:49:35,MSFT,302.15,646,buy,NASDAQ
tx_0006902,2025-06-16 09:49:37,MA,344.69,644,buy,NYSE
tx_0009645,2025-06-16 09:49:38,NFLX,493.05,157,buy,NASDAQ
tx_0002923,2025-06-16 09:49:40,PYPL,249.99,689,buy,NASDAQ
tx_0005120,2025-06-16 09:49:41,WMT,141.78,382,buy,NYSE
tx_0001521,2025-06-16 09:49:41,V,221.39,585,sell,NYSE
tx_0007806,2025-06-16 09:49:42,NVDA,199.37,268,buy,NASDAQ
tx_0000433,2025-06-16 09:49:43,JNJ,164.68,554,sell,NYSE
tx_0001482,2025-06-16 09:49:49,ADBE,598.66,640,sell,NASDAQ
tx_0003855,2025-06-16 09:49:52,MA,344.69,379,buy,NYSE
tx_0004587,2025-06-16 09:49:52,NFLX,491.53,423,,NASDAQ
tx_0005335,2025-06-16 09:49:53,ADBE,599.5,940,buy,NASDAQ
tx_0003798,2025-06-16 09:49:55,MSFT,298.35,555,buy,NASDAQ
tx_0004283,2025-06-16 09:49:55,ADBE,590.64,586,buy,NASDAQ
tx_0007631,2025-06-16 09:49:57,V,221.59,356,sell,NYSE
tx_0005484,2025-06-16 09:50:04,AMZN,3537.25,400,buy,NASDAQ
tx_0002736,2025-06-16 09:50:05,PYPL,247.74,737,buy,NASDAQ
tx_0009401,2025-06-16 09:50:06,PG,139.97,147,buy,NYSE
tx_0001756,2025-06-16 09:50:07,AMZN,3567.95,464,sell,NASDAQ
tx_0000188,2025-06-16 09:50:08,PEP,150.14,884,buy,NYSE
tx_0008264,2025-06-16 09:50:08,V,222.15,750,sell,NYSE
tx_0006898,2025-06-16 09:50:08,AMZN,3543.74,586,sell,NASDAQ
tx_0003062,2025-06-16 09:50:10,BRK.B,279.41,658,sell,NYSE
tx_0003802,2025-06-16 09:50:12,PG,139.85,774,buy,NYSE
tx_0004698,2025-06-16 09:50:17,WMT,140.26,786,sell,NYSE
tx_0002698,2025-06-16 09:50:24,ADBE,591.38,801,sell,NASDAQ
tx_0004779,2025-06-16 09:50:27,DIS,184.71,153,sell,NYSE
tx_0001542,2025-06-16 09:50:28,PEP,149.49,924,buy,NYSE
tx_0006498,2025-06-16 09:50:30,FB,337.74,703,buy,NASDAQ
tx_0007778,2025-06-16 09:50:34,PYPL,247.37,772,sell,NASDAQ
tx_0009738,2025-06-16 09:50:34,MSFT,298.79,348,sell,NASDAQ
tx_0005496,2025-06-16 09:50:35,TSLA,684.21,567,buy,NASDAQ
tx_0007766,2025-06-16 09:50:35,PEP,150.01,841,sell,NYSE
tx_0003715,2025-06-16 09:50:38,KO,55.95,946,buy,NYSE
tx_0001774,2025-06-16 09:50:40,NFLX,488.28,626,buy,NASDAQ
tx_0008653,2025-06-16 09:50:43,MA,345.14,958,buy,NYSE
tx_0006536,2025-06-16 09:50:43,MA,348.28,975,sell,NYSE
tx_0006523,2025-06-16 09:50:43,AAPL,145.04,604,buy,NASDAQ
tx_0001469,2025-06-16 09:50:48,NFLX,487.92,340,buy,NASDAQ
tx_0004461,2025-06-16 09:50:48,ADBE,595.82,745,sell,NASDAQ
tx_0000121,2025-06-16 09:50:52,MA,349.25,594,sell,NYSE
tx_0005402,2025-06-16 09:50:55,NVDA,201.38,149,buy,NASDAQ
tx_0008626,2025-06-16 09:51:00,MA,344.59,450,buy,NYSE
tx_0003850,2025-06-16 09:51:00,PYPL,247.31,903,sell,NASDAQ
tx_0006465,2025-06-16 09:51:03,MA,343.72,154,sell,NYSE
tx_0005257,2025-06-16 09:51:05,BRK.B,280.65,370,sell,NYSE
tx_0008510,2025-06-16 09:51:08,WMT,139.83,713,buy,NYSE
tx_0005405,2025-06-16 09:51:10,AAPL,146.5,698,buy,NASDAQ
tx_0009166,2025-06-16 09:51:11,NFLX,491.71,439,sell,NASDAQ
tx_0006001,2025-06-16 09:51:12,NVDA,201.99,789,buy,NASDAQ
tx_0008007,2025-06-16 09:51:12,NFLX,496.42,605,buy,NASDAQ
tx_0006599,2025-06-16 09:51:13,NFLX,496.85,161,sell,NASDAQ
tx_0009256,2025-06-16 09:51:14,MSFT,301.46,880,buy,NASDAQ
tx_0009785,2025-06-16 09:51:16,ADBE,596.62,772,buy,NASDAQ
tx_0004018,2025-06-16 09:51:16,MA,346.68,467,sell,NYSE
tx_0009300,2025-06-16 09:51:18,AMZN,3535.33,660,sell,NASDAQ
tx_0008053,2025-06-16 09:51:22,NVDA,199.14,177,buy,NASDAQ
tx_0008732,2025-06-16 09:51:22,V,220.67,970,sell,NYSE
tx_0000083,2025-06-16 09:51:25,WMT,140.29,728,buy,NYSE
tx_0009942,2025-06-16 09:51:29,V,220.31,333,sell,NYSE
tx_0007231,2025-06-16 09:51:30,WMT,139.58,849,buy,NYSE
tx_0009784,2025-06-16 09:51:31,AMZN,3573.56,529,buy,NASDAQ
tx_0004819,2025-06-16 09:51:36,PEP,149.4,766,sell,NYSE
tx_0000600,2025-06-16 09:51:37,NFLX,489.82,976,sell,NASDAQ
tx_0007034,2025-06-16 09:51:39,JNJ,164.83,182,sell,NYSE
tx_0003343,2025-06-16 09:51:43,NVDA,200.85,369,sell,NASDAQ
tx_0005205,2025-06-16 09:51:53,MSFT,297.51,561,sell,NASDAQ
tx_0000151,2025-06-16 09:51:57,WMT,139.97,663,sell,NYSE
tx_0002222,2025-06-16 09:51:57,PEP,149.88,486,sell,NYSE
tx_0008162,2025-06-16 09:52:04,PG,138.62,528,buy,NYSE
tx_0007732,2025-06-16 09:52:09,MSFT,298.8,504,buy,NASDAQ
tx_0001856,2025-06-16 09:52:16,GOOGL,2798.28,965,sell,NASDAQ
tx_0001152,2025-06-16 09:52:19,BRK.B,280.83,415,sell,
tx_0002553,2025-06-16 09:52:20,BRK.B,276.35,582,buy,NYSE
tx_0001577,2025-06-16 09:52:24,DIS,184.17,114,buy,NYSE
tx_0008027,2025-06-16 09:52:28,NVDA,,281,sell,NASDAQ
tx_0007788,2025-06-16 09:52:28,NFLX,,817,buy,NASDAQ
tx_0004581,2025-06-16 09:52:29,PEP,149.12,907,sell,NYSE
tx_0009909,2025-06-16 09:52:30,WMT,139.26,901,,NYSE
tx_0009060,2025-06-16 09:52:30,PG,137.98,396,sell,NYSE
tx_0004761,2025-06-16 09:52:32,MSFT,299.22,380,buy,NASDAQ
tx_0004198,2025-06-16 09:52:35,TSLA,686.05,762,buy,NASDAQ
tx_0002018,2025-06-16 09:52:40,GOOGL,2821.61,823,sell,NASDAQ
tx_0000085,2025-06-16 09:52:42,AAPL,145.79,993,sell,NASDAQ
tx_0000123,2025-06-16 09:52:43,MCD,247.82,968,sell,NYSE
tx_0001493,2025-06-16 09:52:43,PG,139.78,204,buy,NYSE
tx_0004184,2025-06-16 09:52:43,NVDA,200.58,794,buy,NASDAQ
tx_0009475,2025-06-16 09:52:45,PEP,150.3,463,sell,NYSE
tx_0007100,2025-06-16 09:52:52,BRK.B,278.73,423,sell,NYSE
tx_0008908,2025-06-16 09:52:54,AMZN,3567.23,181,sell,NASDAQ
tx_0003544,2025-06-16 09:52:54,PEP,150.04,457,sell,NYSE
tx_0008929,2025-06-16 09:52:55,NFLX,489.22,608,buy,NASDAQ
tx_0007415,2025-06-16 09:52:55,MSFT,302.98,366,buy,NASDAQ
tx_0007605,2025-06-16 09:52:57,MA,346.26,361,sell,NYSE
tx_0006267,2025-06-16 09:52:58,JNJ,165.48,563,buy,NYSE
tx_0006607,2025-06-16 09:53:06,MCD,249.6,339,sell,NYSE
tx_0006905,2025-06-16 09:53:08,TSLA,684.98,471,buy,NASDAQ
tx_0006293,2025-06-16 09:53:10,AMZN,,923,sell,NASDAQ
tx_0009141,2025-06-16 09:53:11,NFLX,489.9,611,buy,NASDAQ
tx_0009677,2025-06-16 09:53:11,TSLA,683.35,773,sell,NASDAQ
tx_0008212,2025-06-16 09:53:15,WMT,139.01,973,buy,NYSE
tx_0006056,2025-06-16 09:53:15,PEP,149.3,577,sell,NYSE
tx_0003677,2025-06-16 09:53:16,NVDA,198.64,853,buy,NASDAQ
tx_0007612,2025-06-16 09:53:21,V,222.86,827,sell,NYSE
tx_0004211,2025-06-16 09:53:22,PG,138.78,385,buy,NYSE
tx_0001786,2025-06-16 09:53:24,MCD,250.74,381,buy,NYSE
tx_0005325,2025-06-16 09:53:26,MA,347.25,723,buy,NYSE
tx_0007166,2025-06-16 09:53:26,TSLA,676.31,294,sell,NASDAQ
tx_0007222,2025-06-16 09:53:27,MA,347.56,461,buy,NYSE
tx_0005173,2025-06-16 09:53:29,AAPL,146.45,978,sell,NASDAQ
tx_0001579,2025-06-16 09:53:30,NVDA,199.8,572,sell,NASDAQ
tx_0004070,2025-06-16 09:53:35,DIS,183.81,854,buy,NYSE
tx_0000657,2025-06-16 09:53:37,MSFT,303.47,261,sell,NASDAQ
tx_0009020,2025-06-16 09:53:40,MSFT,300.48,172,sell,NASDAQ
tx_0007996,2025-06-16 09:53:41,NFLX,489.18,281,buy,NASDAQ
tx_0005387,2025-06-16 09:53:42,DIS,,357,buy,NYSE
tx_0003236,2025-06-16 09:53:47,NVDA,198.55,152,buy,NASDAQ
tx_0000411,2025-06-16 09:53:47,NVDA,198.47,437,buy,NASDAQ
tx_0004120,2025-06-16 09:53:49,BRK.B,279.17,678,buy,NYSE
tx_0003718,2025-06-16 09:53:50,NFLX,485.17,112,sell,NASDAQ
tx_0006062,2025-06-16 09:53:51,V,220.94,766,buy,NYSE
tx_0009352,2025-06-16 09:53:55,PG,139.04,971,sell,NYSE
tx_0004862,2025-06-16 09:53:56,PEP,150.07,386,buy,NYSE
tx_0007539,2025-06-16 09:54:05,BRK.B,278.66,722,sell,NYSE
tx_0004003,2025-06-16 09:54:07,WMT,139.8,288,buy,NYSE
tx_0005947,2025-06-16 09:54:07,MA,348.89,540,buy,NYSE
tx_0000245,2025-06-16 09:54:10,MSFT,300.65,556,sell,NASDAQ
tx_0003985,2025-06-16 09:54:10,ADBE,595.95,933,sell,NASDAQ
tx_0001206,2025-06-16 09:54:11,AAPL,146.64,657,buy,NASDAQ
tx_0000881,2025-06-16 09:54:14,MSFT,302.01,864,sell,NASDAQ
tx_0000385,2025-06-16 09:54:16,JNJ,168.3,121,sell,NYSE
tx_0000081,2025-06-16 09:54:18,WMT,139.13,878,sell,NYSE
tx_0004724,2025-06-16 09:54:19,ADBE,601.73,742,sell,NASDAQ
tx_0000873,2025-06-16 09:54:19,KO,55.87,203,sell,NYSE
tx_0008328,2025-06-16 09:54:21,NVDA,198.74,855,buy,NASDAQ
tx_0003767,2025-06-16 09:54:24,KO,56.33,682,sell,NYSE
tx_0003556,2025-06-16 09:54:25,MCD,249.64,489,buy,NYSE
tx_0002695,2025-06-16 09:54:26,BRK.B,280.71,529,buy,NYSE
tx_0007303,2025-06-16 09:54:28,MA,349.06,152,sell,NYSE
tx_0003293,2025-06-16 09:54:28,NFLX,485.65,725,buy,NASDAQ
tx_0007970,2025-06-16 09:54:30,JNJ,166.93,587,buy,NYSE
tx_0006632,2025-06-16 09:54:30,BRK.B,278.33,321,sell,NYSE
tx_0003342,2025-06-16 09:54:31,WMT,137.94,414,buy,NYSE
tx_0002371,2025-06-16 09:54:33,AAPL,144.51,835,buy,NASDAQ
tx_0000721,2025-06-16 09:54:36,PEP,150.63,854,sell,NYSE
tx_0000759,2025-06-16 09:54:36,ADBE,598.36,939,sell,NASDAQ
tx_0000164,2025-06-16 09:54:38,WMT,140.29,266,buy,NYSE
tx_0004402,2025-06-16 09:54:38,PEP,148.79,482,sell,NYSE
tx_0007124,2025-06-16 09:54:40,GOOGL,2799.43,454,sell,NASDAQ
tx_0008255,2025-06-16 09:54:41,MA,341.06,314,buy,NYSE
tx_0005786,2025-06-16 09:54:41,MCD,249.31,190,sell,NYSE
tx_0001911,2025-06-16 09:54:43,NVDA,201.37,613,buy,NASDAQ
tx_0008241,2025-06-16 09:54:44,NFLX,489.04,392,sell,NASDAQ
tx_0006598,2025-06-16 09:54:51,GOOGL,2830.04,584,buy,NASDAQ
tx_0005837,2025-06-16 09:54:56,FB,332.93,129,buy,NASDAQ
tx_0002283,2025-06-16 09:54:57,JNJ,165.48,550,buy,NYSE
tx_0004604,2025-06-16 09:54:59,NVDA,198.16,550,sell,NASDAQ
tx_0000695,2025-06-16 09:55:00,TSLA,682.1,167,sell,NASDAQ
tx_0004890,2025-06-16 09:55:02,WMT,139.05,449,sell,NYSE
tx_0005423,2025-06-16 09:55:06,WMT,138.95,789,buy,NYSE
tx_0007256,2025-06-16 09:55:07,PEP,150.96,220,sell,NYSE
tx_0004571,2025-06-16 09:55:08,V,223.7,577,buy,NYSE
tx_0003779,2025-06-16 09:55:10,PEP,149.75,962,sell,NYSE
tx_0006573,2025-06-16 09:55:11,PG,139.77,740,sell,NYSE
tx_0006524,2025-06-16 09:55:12,PYPL,250.66,595,sell,NASDAQ
tx_0007843,2025-06-16 09:55:14,MCD,251.07,129,buy,NYSE
tx_0002869,2025-06-16 09:55:14,BRK.B,275.81,718,buy,NYSE
tx_0001356,2025-06-16 09:55:18,PYPL,250.6,784,sell,
tx_0008087,2025-06-16 09:55:21,WMT,138.64,336,sell,NYSE
tx_0002898,2025-06-16 09:55:24,DIS,182.57,684,sell,NYSE
tx_0009041,2025-06-16 09:55:24,GOOGL,2822.35,906,sell,NASDAQ
tx_0008271,2025-06-16 09:55:27,AAPL,147.25,573,sell,NASDAQ
tx_0001711,2025-06-16 09:55:29,MSFT,301.82,296,sell,NASDAQ
tx_0006979,2025-06-16 09:55:30,MCD,251.61,995,sell,NYSE
tx_0008412,2025-06-16 09:55:32,PYPL,246.05,625,sell,NASDAQ
tx_0006615,2025-06-16 09:55:32,AAPL,144.35,696,buy,NASDAQ
tx_0009482,2025-06-16 09:55:38,AAPL,146.98,787,sell,NASDAQ
tx_0001518,2025-06-16 09:55:39,KO,55.93,552,buy,NYSE
tx_0002296,2025-06-16 09:55:40,PYPL,246.01,233,sell,NASDAQ
tx_0008054,2025-06-16 09:55:41,JNJ,167.02,641,sell,NYSE
tx_0000181,2025-06-16 09:55:41,V,219.42,657,buy,NYSE
tx_0003796,2025-06-16 09:55:42,WMT,138.77,187,buy,NYSE
tx_0008158,2025-06-16 09:55:42,PEP,150.77,366,sell,NYSE
tx_0003315,2025-06-16 09:55:44,TSLA,681.88,764,sell,NASDAQ
tx_0001438,2025-06-16 09:55:44,KO,55.88,886,buy,NYSE
tx_0001455,2025-06-16 09:55:46,AAPL,145.78,361,buy,NASDAQ
tx_0009378,2025-06-16 09:55:47,PYPL,247.35,297,sell,NASDAQ
tx_0004453,2025-06-16 09:55:48,NFLX,488.17,885,sell,NASDAQ
tx_0005691,2025-06-16 09:55:48,BRK.B,277.88,474,buy,NYSE
tx_0000166,2025-06-16 09:55:48,PEP,151.55,248,sell,NYSE
tx_0002063,2025-06-16 09:55:52,JNJ,166.25,141,buy,NYSE
tx_0007762,2025-06-16 09:55:52,GOOGL,2794.09,442,sell,NASDAQ
tx_0000244,2025-06-16 09:55:54,AMZN,3558.63,133,buy,NASDAQ
tx_0004973,2025-06-16 09:55:57,AAPL,145.25,383,sell,NASDAQ
tx_0006750,2025-06-16 09:55:59,AAPL,145.75,113,buy,NASDAQ
tx_0001452,2025-06-16 09:55:59,PYPL,248.42,987,sell,NASDAQ
tx_0008655,2025-06-16 09:56:07,AMZN,3549.37,285,sell,NASDAQ
tx_0002808,2025-06-16 09:56:08,PG,139.76,527,sell,NYSE
tx_0008003,2025-06-16 09:56:15,AMZN,3562.92,494,,NASDAQ
tx_0005613,2025-06-16 09:56:16,AAPL,145.14,456,sell,NASDAQ
tx_0004636,2025-06-16 09:56:17,NFLX,491.39,408,sell,NASDAQ
tx_0002729,2025-06-16 09:56:22,FB,333.26,777,buy,NASDAQ
tx_0006801,2025-06-16 09:56:23,DIS,184.15,904,sell,NYSE
tx_0001327,2025-06-16 09:56:24,DIS,183.1,126,buy,NYSE
tx_0007402,2025-06-16 09:56:29,BRK.B,278.06,707,sell,NYSE
tx_0004528,2025-06-16 09:56:31,DIS,182.52,528,sell,NYSE
tx_0007638,2025-06-16 09:56:36,PG,139.4,315,buy,NYSE
tx_0004552,2025-06-16 09:56:37,MCD,247.98,556,sell,NYSE
tx_0005621,2025-06-16 09:56:40,MSFT,301.35,738,sell,NASDAQ
tx_0000205,2025-06-16 09:56:41,WMT,138.16,376,sell,NYSE
tx_0004710,2025-06-16 09:56:44,BRK.B,280.04,754,buy,NYSE
tx_0001337,2025-06-16 09:56:44,GOOGL,,442,sell,NASDAQ
tx_0005688,2025-06-16 09:56:45,MCD,248.35,981,sell,NYSE
tx_0003205,2025-06-16 09:56:50,MA,347.86,507,sell,NYSE
tx_0002416,2025-06-16 09:56:52,AMZN,3542.9,173,,NASDAQ
tx_0003458,2025-06-16 09:56:53,MA,345.6,780,sell,NYSE
tx_0002738,2025-06-16 09:56:54,TSLA,677.33,230,buy,NASDAQ
tx_0001040,2025-06-16 09:56:55,AAPL,145.65,701,buy,NASDAQ
tx_0003925,2025-06-16 09:56:57,PG,139.71,178,buy,NYSE
tx_0001412,2025-06-16 09:56:58,PG,137.74,237,sell,NYSE
tx_0009751,2025-06-16 09:57:00,PG,137.66,331,sell,NYSE
tx_0003437,2025-06-16 09:57:01,MCD,251.46,523,sell,NYSE
tx_0008080,2025-06-16 09:57:01,FB,330.87,921,sell,NASDAQ
tx_0004323,2025-06-16 09:57:06,PEP,149.99,459,buy,NYSE
tx_0003548,2025-06-16 09:57:11,JNJ,165.99,817,buy,NYSE
tx_0006228,2025-06-16 09:57:13,FB,333.31,398,buy,NASDAQ
tx_0005155,2025-06-16 09:57:13,ADBE,591.1,935,buy,NASDAQ
tx_0008163,2025-06-16 09:57:20,TSLA,676.44,543,sell,NASDAQ
tx_0004449,2025-06-16 09:57:20,FB,330.72,871,buy,NASDAQ
tx_0001797,2025-06-16 09:57:26,ADBE,588.76,758,sell,NASDAQ
tx_0001041,2025-06-16 09:57:29,KO,55.87,191,sell,NYSE
tx_0008126,2025-06-16 09:57:29,TSLA,687.04,197,sell,NASDAQ
tx_0004511,2025-06-16 09:57:32,V,223.52,972,sell,NYSE
tx_0009969,2025-06-16 09:57:32,WMT,137.94,996,sell,NYSE
tx_0003842,2025-06-16 09:57:40,GOOGL,2820.3,378,buy,NASDAQ
tx_0003242,2025-06-16 09:57:41,TSLA,687.11,531,buy,NASDAQ
tx_0005593,2025-06-16 09:57:43,AAPL,144.88,731,sell,NASDAQ
tx_0009783,2025-06-16 09:57:50,PEP,151.61,534,sell,NYSE
tx_0006305,2025-06-16 09:58:06,DIS,183.46,360,buy,NYSE
tx_0008073,2025-06-16 09:58:07,WMT,140.44,984,buy,NYSE
tx_0005364,2025-06-16 09:58:08,PG,138.61,966,buy,NYSE
tx_0006868,2025-06-16 09:58:08,DIS,183.36,409,sell,NYSE
tx_0006076,2025-06-16 09:58:09,PYPL,248.25,738,buy,NASDAQ
tx_0007347,2025-06-16 09:58:13,AAPL,144.45,903,buy,NASDAQ
tx_0009506,2025-06-16 09:58:13,MA,343.65,488,sell,NYSE
tx_0002511,2025-06-16 09:58:14,TSLA,685.58,751,sell,NASDAQ
tx_0006050,2025-06-16 09:58:19,DIS,183.48,262,sell,NYSE
tx_0006235,2025-06-16 09:58:19,KO,55.93,613,sell,NYSE
tx_0002453,2025-06-16 09:58:36,V,221.12,214,sell,NYSE
tx_0000764,2025-06-16 09:58:38,MA,340.85,542,buy,NYSE
tx_0002329,2025-06-16 09:58:43,DIS,181.13,557,buy,NYSE
tx_0009578,2025-06-16 09:58:44,BRK.B,276.14,146,buy,NYSE
tx_0001706,2025-06-16 09:58:50,MSFT,304.81,824,buy,NASDAQ
tx_0006562,2025-06-16 09:58:51,MCD,247.22,944,sell,NYSE
tx_0001197,2025-06-16 09:58:51,MA,343.03,101,sell,NYSE
tx_0004054,2025-06-16 09:59:00,ADBE,592.14,990,sell,NASDAQ
tx_0005809,2025-06-16 09:59:00,KO,55.93,791,buy,NYSE
tx_0008864,2025-06-16 09:59:03,AAPL,146.54,742,sell,NASDAQ
tx_0007889,2025-06-16 09:59:03,MA,345.52,137,buy,NYSE
tx_0008916,2025-06-16 09:59:04,GOOGL,2824.7,570,buy,NASDAQ
tx_0009212,2025-06-16 09:59:05,PG,138.3,474,buy,NYSE
tx_0008528,2025-06-16 09:59:05,MCD,,155,sell,NYSE
tx_0007041,2025-06-16 09:59:06,NFLX,485.4,299,sell,NASDAQ
tx_0004586,2025-06-16 09:59:08,BRK.B,,668,sell,NYSE
tx_0003795,2025-06-16 09:59:10,MSFT,304.55,248,sell,NASDAQ
tx_0003372,2025-06-16 09:59:12,GOOGL,2823.35,715,sell,NASDAQ
tx_0001567,2025-06-16 09:59:13,ADBE,590.51,303,sell,NASDAQ
tx_0002105,2025-06-16 09:59:17,GOOGL,2812.4,466,sell,NASDAQ
tx_0007920,2025-06-16 09:59:17,FB,331.07,809,sell,NASDAQ
tx_0007227,2025-06-16 09:59:31,TSLA,687.08,520,buy,NASDAQ
tx_0005278,2025-06-16 09:59:34,AMZN,3596.79,856,buy,NASDAQ
tx_0000514,2025-06-16 09:59:34,TSLA,688.44,988,sell,NASDAQ
tx_0006117,2025-06-16 09:59:39,DIS,180.84,164,buy,NYSE
tx_0001196,2025-06-16 09:59:42,PG,138.02,213,sell,NYSE
tx_0004219,2025-06-16 09:59:45,WMT,140.78,737,sell,NYSE
tx_0005518,2025-06-16 09:59:51,AMZN,3617.28,184,buy,NASDAQ
tx_0009302,2025-06-16 09:59:54,GOOGL,2819.96,523,buy,NASDAQ
tx_0003764,2025-06-16 09:59:55,PYPL,248.95,505,buy,NASDAQ
tx_0005379,2025-06-16 09:59:58,DIS,182.04,143,buy,NYSE
tx_0006742,2025-06-16 10:00:00,NVDA,199.1,122,buy,NASDAQ
tx_0008773,2025-06-16 10:00:02,WMT,139.74,263,buy,NYSE
tx_0004650,2025-06-16 10:00:05,DIS,182.01,915,sell,NYSE
tx_0004167,2025-06-16 10:00:07,JNJ,164.15,906,sell,NYSE
tx_0003331,2025-06-16 10:00:07,MCD,247.42,940,buy,NYSE
tx_0001561,2025-06-16 10:00:10,GOOGL,2814.05,537,buy,NASDAQ
tx_0004668,2025-06-16 10:00:11,AAPL,146.31,336,buy,NASDAQ
tx_0003291,2025-06-16 10:00:12,KO,56.37,803,buy,NYSE
tx_0005337,2025-06-16 10:00:13,PG,137.7,434,buy,NYSE
tx_0007854,2025-06-16 10:00:17,PEP,150.48,178,buy,NYSE
tx_0003275,2025-06-16 10:00:18,PEP,149.42,567,buy,NYSE
tx_0008926,2025-06-16 10:00:20,PYPL,248.36,939,buy,NASDAQ
tx_0008854,2025-06-16 10:00:29,JNJ,166.71,432,sell,NYSE
tx_0009214,2025-06-16 10:00:30,AMZN,3566.1,918,buy,NASDAQ
tx_0001761,2025-06-16 10:00:33,KO,56.29,230,buy,NYSE
tx_0004438,2025-06-16 10:00:37,DIS,183.13,719,sell,NYSE
tx_0000400,2025-06-16 10:00:38,MA,341.86,390,sell,NYSE
tx_0005605,2025-06-16 10:00:40,KO,56.12,943,sell,NYSE
tx_0004433,2025-06-16 10:00:41,ADBE,597.07,501,buy,NASDAQ
tx_0008963,2025-06-16 10:00:42,MSFT,306.16,352,sell,NASDAQ
tx_0009767,2025-06-16 10:00:42,PEP,150.71,426,buy,NYSE
tx_0001378,2025-06-16 10:00:42,GOOGL,2819.64,225,buy,NASDAQ
tx_0000270,2025-06-16 10:00:45,GOOGL,2784.02,737,buy,NASDAQ
tx_0000300,2025-06-16 10:00:49,AMZN,3563.09,397,sell,NASDAQ
tx_0009673,2025-06-16 10:00:54,TSLA,687.84,392,buy,NASDAQ
tx_0007669,2025-06-16 10:00:58,PYPL,248.43,821,buy,NASDAQ
tx_0002126,2025-06-16 10:01:01,NFLX,488.13,366,sell,NASDAQ
tx_0008078,2025-06-16 10:01:02,FB,329.31,580,buy,NASDAQ
tx_0003079,2025-06-16 10:01:02,GOOGL,2812.93,229,buy,NASDAQ
tx_0008517,2025-06-16 10:01:06,NFLX,484.84,949,buy,NASDAQ
tx_0000752,2025-06-16 10:01:08,MSFT,302.89,163,sell,NASDAQ
tx_0003105,2025-06-16 10:01:09,PG,136.49,954,buy,NYSE
tx_0002854,2025-06-16 10:01:11,DIS,183.41,828,sell,NYSE
tx_0007579,2025-06-16 10:01:13,AAPL,145.27,999,buy,NASDAQ
tx_0006711,2025-06-16 10:01:15,WMT,139.35,734,sell,NYSE
tx_0004250,2025-06-16 10:01:16,V,218.27,252,sell,NYSE
tx_0000608,2025-06-16 10:01:17,JNJ,163.65,318,buy,NYSE
tx_0006234,2025-06-16 10:01:18,ADBE,594.56,881,sell,NASDAQ
tx_0009708,2025-06-16 10:01:21,NFLX,488.65,882,buy,NASDAQ
tx_0006760,2025-06-16 10:01:22,BRK.B,279.39,144,buy,NYSE
tx_0004231,2025-06-16 10:01:22,JNJ,165.1,590,sell,NYSE
tx_0002527,2025-06-16 10:01:25,AAPL,146.18,291,sell,NASDAQ
tx_0005326,2025-06-16 10:01:26,V,221.87,712,buy,NYSE
tx_0009374,2025-06-16 10:01:27,AMZN,3591.4,699,buy,NASDAQ
tx_0002722,2025-06-16 10:01:31,PG,136.53,189,sell,NYSE
tx_0002927,2025-06-16 10:01:37,FB,335.06,850,sell,NASDAQ
tx_0008213,2025-06-16 10:01:37,NVDA,201.48,754,buy,NASDAQ
tx_0008998,2025-06-16 10:01:38,V,221.18,264,buy,NYSE
tx_0004440,2025-06-16 10:01:39,FB,335.95,876,buy,NASDAQ
tx_0005690,2025-06-16 10:01:39,MCD,246.31,116,buy,NYSE
tx_0002491,2025-06-16 10:01:40,KO,,235,buy,NYSE
tx_0006944,2025-06-16 10:01:41,KO,56.31,470,sell,NYSE
tx_0006515,2025-06-16 10:01:44,PG,135.75,717,buy,NYSE
tx_0007410,2025-06-16 10:01:44,ADBE,595.67,872,sell,NASDAQ
tx_0001555,2025-06-16 10:01:45,NVDA,201.8,635,sell,NASDAQ
tx_0003684,2025-06-16 10:01:45,NFLX,486.76,277,buy,NASDAQ
tx_0005875,2025-06-16 10:01:48,PEP,150.35,853,buy,NYSE
tx_0007521,2025-06-16 10:01:51,PEP,152.19,227,buy,NYSE
tx_0009935,2025-06-16 10:01:52,FB,331.66,585,buy,NASDAQ
tx_0006992,2025-06-16 10:01:55,AMZN,3540.71,775,sell,NASDAQ
tx_0008344,2025-06-16 10:01:57,JNJ,164.57,724,sell,NYSE
tx_0007332,2025-06-16 10:01:59,TSLA,689.36,520,buy,NASDAQ
tx_0005661,2025-06-16 10:02:02,ADBE,597.78,821,sell,NASDAQ
tx_0007449,2025-06-16 10:02:03,FB,334.71,949,buy,NASDAQ
tx_0009142,2025-06-16 10:02:04,PG,136.25,857,buy,NYSE
tx_0009643,2025-06-16 10:02:10,MA,343.46,741,buy,NYSE
tx_0002364,2025-06-16 10:02:16,FB,332.59,691,sell,NASDAQ
tx_0005739,2025-06-16 10:02:19,PYPL,247.32,728,sell,NASDAQ
tx_0006029,2025-06-16 10:02:23,TSLA,693.12,873,buy,NASDAQ
tx_0001548,2025-06-16 10:02:29,JNJ,164.95,786,buy,NYSE
tx_0005907,2025-06-16 10:02:30,AAPL,145.41,177,sell,NASDAQ
tx_0000080,2025-06-16 10:02:36,PYPL,245.19,939,buy,NASDAQ
tx_0006034,2025-06-16 10:02:36,ADBE,597.77,159,buy,NASDAQ
tx_0003171,2025-06-16 10:02:36,MCD,248.16,884,sell,NYSE
tx_0006129,2025-06-16 10:02:38,FB,334.62,648,sell,NASDAQ
tx_0003970,2025-06-16 10:02:38,BRK.B,280.2,454,sell,NYSE
tx_0006186,2025-06-16 10:02:39,PG,138.71,380,buy,NYSE
tx_0007753,2025-06-16 10:02:40,JNJ,164.73,402,sell,NYSE
tx_0006779,2025-06-16 10:02:43,AAPL,144.06,730,buy,NASDAQ
tx_0008687,2025-06-16 10:02:43,PYPL,245.01,666,buy,NASDAQ
tx_0004938,2025-06-16 10:02:44,WMT,138.6,869,sell,NYSE
tx_0006649,2025-06-16 10:02:44,PG,138.02,327,sell,NYSE
tx_0004315,2025-06-16 10:02:47,AAPL,,709,sell,NASDAQ
tx_0002352,2025-06-16 10:02:49,AAPL,143.64,186,sell,NASDAQ
tx_0005806,2025-06-16 10:02:55,GOOGL,2816.68,871,sell,NASDAQ
tx_0005303,2025-06-16 10:02:56,AMZN,3569.9,146,sell,NASDAQ
tx_0006413,2025-06-16 10:02:58,DIS,185.35,687,sell,NYSE
tx_0004532,2025-06-16 10:03:00,FB,331.31,560,sell,NASDAQ
tx_0000810,2025-06-16 10:03:02,PEP,149.74,196,sell,NYSE
tx_0002852,2025-06-16 10:03:03,BRK.B,275.84,790,sell,
tx_0000740,2025-06-16 10:03:06,PG,138.75,445,sell,NYSE
tx_0004207,2025-06-16 10:03:12,WMT,140.81,535,buy,NYSE
tx_0004559,2025-06-16 10:03:13,MA,341.28,113,sell,NYSE
tx_0003966,2025-06-16 10:03:17,BRK.B,276.59,904,sell,NYSE
tx_0001067,2025-06-16 10:03:22,MCD,248.64,417,buy,NYSE
tx_0009446,2025-06-16 10:03:23,TSLA,681.36,561,buy,NASDAQ
tx_0000729,2025-06-16 10:03:24,PG,136.9,294,buy,NYSE
tx_0001882,2025-06-16 10:03:26,GOOGL,2788.39,102,buy,NASDAQ
tx_0003118,2025-06-16 10:03:27,KO,56.69,360,buy,NYSE
tx_0009686,2025-06-16 10:03:38,ADBE,602.05,208,buy,NASDAQ
tx_0000550,2025-06-16 10:03:40,ADBE,596.33,400,buy,NASDAQ
tx_0008263,2025-06-16 10:03:47,NVDA,201.08,598,buy,NASDAQ
tx_0007824,2025-06-16 10:03:51,FB,332.16,830,buy,NASDAQ
tx_0000805,2025-06-16 10:03:52,WMT,138.03,495,sell,NYSE
tx_0007370,2025-06-16 10:03:55,NVDA,203.43,774,buy,NASDAQ
tx_0006495,2025-06-16 10:03:57,JNJ,167.24,163,sell,NYSE
tx_0002308,2025-06-16 10:03:58,KO,56.36,820,buy,NYSE
tx_0006069,2025-06-16 10:04:02,ADBE,600.83,139,sell,NASDAQ
tx_0009773,2025-06-16 10:04:06,V,223.24,902,sell,NYSE
tx_0001370,2025-06-16 10:04:07,WMT,139.63,742,buy,NYSE
tx_0003965,2025-06-16 10:04:11,KO,56.09,470,sell,NYSE
tx_0001653,2025-06-16 10:04:14,NVDA,201.39,722,buy,NASDAQ
tx_0007656,2025-06-16 10:04:15,PG,138.69,515,sell,NYSE
tx_0001806,2025-06-16 10:04:17,GOOGL,2794.61,652,sell,NASDAQ
tx_0001233,2025-06-16 10:04:18,MSFT,302.56,611,buy,NASDAQ
tx_0003962,2025-06-16 10:04:19,PG,136.6,663,sell,NYSE
tx_0002862,2025-06-16 10:04:22,GOOGL,2825.64,501,buy,NASDAQ
tx_0003692,2025-06-16 10:04:24,GOOGL,2777.26,112,buy,NASDAQ
tx_0009656,2025-06-16 10:04:30,V,223.17,572,buy,NYSE
tx_0000937,2025-06-16 10:04:33,DIS,182.72,363,sell,NYSE
tx_0000797,2025-06-16 10:04:37,AAPL,144.4,162,buy,NASDAQ
tx_0002945,2025-06-16 10:04:37,AAPL,145.96,872,buy,NASDAQ
tx_0001890,2025-06-16 10:04:38,PEP,151.47,385,sell,NYSE
tx_0004718,2025-06-16 10:04:40,KO,56.35,520,sell,NYSE
tx_0001686,2025-06-16 10:04:40,AMZN,3593.93,961,buy,NASDAQ
tx_0009009,2025-06-16 10:04:49,ADBE,594.82,489,sell,NASDAQ
tx_0003887,2025-06-16 10:04:50,TSLA,693.78,882,buy,NASDAQ
tx_0005790,2025-06-16 10:04:51,MA,346.77,721,buy,NYSE
tx_0002003,2025-06-16 10:04:52,AAPL,145.11,875,sell,NASDAQ
tx_0001136,2025-06-16 10:04:54,BRK.B,277.58,214,buy,NYSE
tx_0008427,2025-06-16 10:04:56,AMZN,3573.76,159,sell,NASDAQ
tx_0001972,2025-06-16 10:04:58,BRK.B,276.24,244,sell,NYSE
tx_0002743,2025-06-16 10:04:58,TSLA,686.25,714,buy,NASDAQ
tx_0002269,2025-06-16 10:04:58,V,220.1,402,buy,NYSE
tx_0002802,2025-06-16 10:05:00,TSLA,691.33,365,buy,NASDAQ
tx_0001993,2025-06-16 10:05:00,PYPL,247.76,558,buy,NASDAQ
tx_0007559,2025-06-16 10:05:01,PEP,150.07,277,buy,NYSE
tx_0001881,2025-06-16 10:05:11,MA,345.09,508,sell,NYSE
tx_0006126,2025-06-16 10:05:12,DIS,182.99,651,buy,NYSE
tx_0002518,2025-06-16 10:05:14,PYPL,247.41,154,buy,NASDAQ
tx_0004770,2025-06-16 10:05:14,V,220.53,578,sell,NYSE
tx_0006433,2025-06-16 10:05:18,JNJ,164.23,622,buy,NYSE
tx_0003420,2025-06-16 10:05:20,BRK.B,275.53,845,sell,NYSE
tx_0004235,2025-06-16 10:05:22,AMZN,3588.35,655,buy,NASDAQ
tx_0007808,2025-06-16 10:05:23,MCD,248.98,646,sell,NYSE
tx_0005647,2025-06-16 10:05:23,ADBE,603.78,606,buy,NASDAQ
tx_0002408,2025-06-16 10:05:24,PG,136.73,909,buy,NYSE
tx_0007113,2025-06-16 10:05:24,JNJ,165.92,837,sell,NYSE
tx_0003953,2025-06-16 10:05:26,KO,56.75,843,buy,NYSE
tx_0004182,2025-06-16 10:05:27,AAPL,145.87,107,sell,NASDAQ
tx_0005028,2025-06-16 10:05:30,TSLA,688.62,561,buy,NASDAQ
tx_0000268,2025-06-16 10:05:31,ADBE,598.58,870,buy,NASDAQ
tx_0008600,2025-06-16 10:05:34,NFLX,482.73,159,buy,NASDAQ
tx_0001855,2025-06-16 10:05:39,JNJ,166.93,938,sell,NYSE
tx_0007063,2025-06-16 10:05:40,JNJ,166.57,930,buy,NYSE
tx_0002515,2025-06-16 10:05:40,WMT,138.53,386,sell,NYSE
tx_0006684,2025-06-16 10:05:41,AMZN,3598.77,617,buy,NASDAQ
tx_0004310,2025-06-16 10:05:44,NFLX,483.17,628,sell,NASDAQ
tx_0003066,2025-06-16 10:05:51,V,221.49,214,buy,NYSE
tx_0000046,2025-06-16 10:05:54,MSFT,305.6,748,buy,NASDAQ
tx_0006809,2025-06-16 10:05:54,PG,137.75,661,sell,NYSE
tx_0002759,2025-06-16 10:05:58,NFLX,491.27,237,buy,NASDAQ
tx_0004849,2025-06-16 10:05:58,V,223.78,256,sell,NYSE
tx_0009782,2025-06-16 10:05:59,PYPL,245.83,332,sell,NASDAQ
tx_0003162,2025-06-16 10:06:00,GOOGL,2830.52,644,sell,NASDAQ
tx_0007548,2025-06-16 10:06:00,FB,328.42,418,buy,NASDAQ
tx_0007202,2025-06-16 10:06:00,NVDA,203.6,863,buy,NASDAQ
tx_0001625,2025-06-16 10:06:01,NVDA,203.27,899,buy,NASDAQ
tx_0003951,2025-06-16 10:06:02,MSFT,304.17,736,sell,NASDAQ
tx_0007119,2025-06-16 10:06:02,DIS,184.93,883,sell,NYSE
tx_0002200,2025-06-16 10:06:03,DIS,184.03,416,sell,NYSE
tx_0003203,2025-06-16 10:06:04,NFLX,485.96,186,buy,NASDAQ
tx_0003656,2025-06-16 10:06:09,GOOGL,2801.03,157,sell,NASDAQ
tx_0004008,2025-06-16 10:06:09,KO,57.0,398,sell,NYSE
tx_0006559,2025-06-16 10:06:15,V,223.72,882,buy,NYSE
tx_0004442,2025-06-16 10:06:15,PYPL,244.89,665,sell,NASDAQ
tx_0000350,2025-06-16 10:06:17,KO,56.73,786,sell,NYSE
tx_0006239,2025-06-16 10:06:17,BRK.B,275.74,524,sell,NYSE
tx_0004025,2025-06-16 10:06:20,KO,56.54,159,sell,NYSE
tx_0009679,2025-06-16 10:06:20,MCD,249.47,862,buy,NYSE
tx_0002687,2025-06-16 10:06:22,FB,328.51,249,buy,NASDAQ
tx_0000111,2025-06-16 10:06:23,V,222.54,844,sell,NYSE
tx_0004967,2025-06-16 10:06:28,PG,136.3,315,buy,NYSE
tx_0005375,2025-06-16 10:06:29,GOOGL,2831.11,581,sell,NASDAQ
tx_0002591,2025-06-16 10:06:31,NFLX,490.94,733,buy,NASDAQ
tx_0004329,2025-06-16 10:06:35,NFLX,490.6,708,sell,NASDAQ
tx_0000011,2025-06-16 10:06:37,KO,56.89,436,buy,NYSE
tx_0002700,2025-06-16 10:06:37,AAPL,143.89,764,sell,NASDAQ
tx_0007247,2025-06-16 10:06:38,GOOGL,2832.52,849,buy,NASDAQ
tx_0000771,2025-06-16 10:06:39,DIS,185.11,620,buy,NYSE
tx_0007578,2025-06-16 10:06:44,KO,57.34,379,buy,NYSE
tx_0002669,2025-06-16 10:06:49,NVDA,203.9,394,sell,NASDAQ
tx_0009473,2025-06-16 10:06:54,WMT,137.15,845,buy,NYSE
tx_0005493,2025-06-16 10:06:54,NVDA,202.9,308,buy,NASDAQ
tx_0009517,2025-06-16 10:06:58,NVDA,203.08,865,buy,NASDAQ
tx_0007866,2025-06-16 10:07:04,PEP,149.24,239,buy,NYSE
tx_0000266,2025-06-16 10:07:05,V,223.09,690,buy,NYSE
tx_0004898,2025-06-16 10:07:07,TSLA,698.72,709,sell,NASDAQ
tx_0009583,2025-06-16 10:07:10,MCD,250.46,219,buy,NYSE
tx_0001960,2025-06-16 10:07:11,WMT,138.89,635,,NYSE
tx_0008097,2025-06-16 10:07:14,PYPL,246.24,407,sell,NASDAQ
tx_0007198,2025-06-16 10:07:15,DIS,184.96,747,sell,NYSE
tx_0000656,2025-06-16 10:07:17,WMT,137.33,970,buy,NYSE
tx_0002344,2025-06-16 10:07:20,MSFT,304.4,626,buy,NASDAQ
tx_0002332,2025-06-16 10:07:25,KO,56.88,303,sell,NYSE
tx_0000859,2025-06-16 10:07:25,PG,138.97,329,sell,NYSE
tx_0007110,2025-06-16 10:07:26,ADBE,602.14,698,sell,NASDAQ
tx_0006605,2025-06-16 10:07:29,JNJ,166.91,801,sell,NYSE
tx_0009342,2025-06-16 10:07:29,TSLA,686.44,982,buy,NASDAQ
tx_0002603,2025-06-16 10:07:30,MA,345.96,260,sell,NYSE
tx_0001250,2025-06-16 10:07:32,FB,328.79,660,buy,NASDAQ
tx_0007495,2025-06-16 10:07:32,DIS,185.11,863,buy,NYSE
tx_0009560,2025-06-16 10:07:37,TSLA,688.44,603,sell,NASDAQ
tx_0005685,2025-06-16 10:07:41,MCD,247.57,173,sell,NYSE
tx_0005195,2025-06-16 10:07:45,WMT,139.26,684,sell,NYSE
tx_0004383,2025-06-16 10:07:53,NFLX,491.55,759,buy,NASDAQ
tx_0008763,2025-06-16 10:07:55,FB,333.25,894,buy,NASDAQ
tx_0004986,2025-06-16 10:07:59,ADBE,602.27,775,sell,NASDAQ
tx_0004307,2025-06-16 10:08:02,BRK.B,276.54,211,buy,NYSE
tx_0005029,2025-06-16 10:08:04,JNJ,165.33,378,sell,
tx_0008434,2025-06-16 10:08:05,ADBE,597.01,701,buy,NASDAQ
tx_0001316,2025-06-16 10:08:06,JNJ,165.35,629,sell,NYSE
tx_0002024,2025-06-16 10:08:08,ADBE,595.82,123,buy,NASDAQ
tx_0008520,2025-06-16 10:08:08,FB,329.82,650,sell,NASDAQ
tx_0005873,2025-06-16 10:08:09,MA,342.59,337,buy,NYSE
tx_0008120,2025-06-16 10:08:11,MCD,248.38,638,buy,NYSE
tx_0005226,2025-06-16 10:08:12,MSFT,303.42,291,sell,NASDAQ
tx_0005468,2025-06-16 10:08:14,AMZN,3541.39,267,sell,NASDAQ
tx_0002074,2025-06-16 10:08:15,ADBE,593.52,142,buy,NASDAQ
tx_0002128,2025-06-16 10:08:15,ADBE,593.79,855,buy,NASDAQ
tx_0004418,2025-06-16 10:08:15,WMT,139.98,613,sell,NYSE
tx_0004598,2025-06-16 10:08:16,NVDA,200.56,987,sell,NASDAQ
tx_0000734,2025-06-16 10:08:21,PEP,152.12,488,sell,NYSE
tx_0000069,2025-06-16 10:08:22,AAPL,145.86,633,sell,NASDAQ
tx_0005654,2025-06-16 10:08:25,TSLA,693.59,156,sell,NASDAQ
tx_0002060,2025-06-16 10:08:29,MA,339.15,330,buy,NYSE
tx_0007097,2025-06-16 10:08:33,GOOGL,2808.68,972,buy,NASDAQ
tx_0005796,2025-06-16 10:08:34,PG,136.12,402,buy,NYSE
tx_0007746,2025-06-16 10:08:39,MSFT,300.7,846,sell,NASDAQ
tx_0005412,2025-06-16 10:08:40,WMT,139.54,666,buy,NYSE
tx_0005194,2025-06-16 10:08:45,AMZN,3552.03,116,buy,NASDAQ
tx_0008398,2025-06-16 10:08:53,NVDA,200.74,932,buy,NASDAQ
tx_0006330,2025-06-16 10:09:00,AAPL,145.72,715,buy,NASDAQ
tx_0008505,2025-06-16 10:09:01,V,222.9,301,sell,NYSE
tx_0004102,2025-06-16 10:09:01,BRK.B,279.64,439,buy,NYSE
tx_0007895,2025-06-16 10:09:05,JNJ,166.24,641,sell,NYSE
tx_0008295,2025-06-16 10:09:08,MA,339.48,376,sell,NYSE
tx_0006823,2025-06-16 10:09:09,NVDA,201.8,316,buy,NASDAQ
tx_0006083,2025-06-16 10:09:11,TSLA,688.3,944,buy,NASDAQ
tx_0009228,2025-06-16 10:09:16,AAPL,145.43,215,sell,NASDAQ
tx_0008882,2025-06-16 10:09:17,BRK.B,275.9,669,sell,NYSE
tx_0002362,2025-06-16 10:09:18,AMZN,3574.63,440,sell,NASDAQ
tx_0006021,2025-06-16 10:09:19,MSFT,303.81,825,sell,NASDAQ
tx_0002926,2025-06-16 10:09:19,PYPL,245.03,269,buy,NASDAQ
tx_0006818,2025-06-16 10:09:20,GOOGL,2820.27,436,buy,NASDAQ
tx_0007535,2025-06-16 10:09:22,GOOGL,2813.49,541,buy,NASDAQ
tx_0007502,2025-06-16 10:09:23,MSFT,305.88,636,buy,NASDAQ
tx_0009542,2025-06-16 10:09:31,GOOGL,2844.27,408,sell,NASDAQ
tx_0002392,2025-06-16 10:09:32,TSLA,687.8,336,buy,NASDAQ
tx_0009854,2025-06-16 10:09:33,BRK.B,277.59,915,sell,NYSE
tx_0003790,2025-06-16 10:09:34,JNJ,163.65,997,buy,NYSE
tx_0006420,2025-06-16 10:09:38,AMZN,3589.45,859,sell,NASDAQ
tx_0007362,2025-06-16 10:09:38,FB,330.42,725,sell,NASDAQ
tx_0003765,2025-06-16 10:09:40,NVDA,202.98,381,buy,NASDAQ
tx_0009057,2025-06-16 10:09:43,ADBE,599.35,327,buy,NASDAQ
tx_0003198,2025-06-16 10:09:45,WMT,137.97,841,sell,NYSE
tx_0005373,2025-06-16 10:09:48,WMT,139.17,293,sell,NYSE
tx_0005116,2025-06-16 10:09:49,MA,341.67,530,buy,NYSE
tx_0008894,2025-06-16 10:09:50,AMZN,3557.66,350,sell,NASDAQ
tx_0005648,2025-06-16 10:09:54,NVDA,202.48,282,sell,NASDAQ
tx_0000195,2025-06-16 10:09:57,FB,334.86,283,sell,NASDAQ
tx_0000155,2025-06-16 10:10:00,KO,56.66,315,sell,NYSE
tx_0002127,2025-06-16 10:10:01,BRK.B,273.29,462,sell,NYSE
tx_0003222,2025-06-16 10:10:02,PG,137.16,516,,NYSE
tx_0006134,2025-06-16 10:10:05,FB,331.42,920,sell,NASDAQ
tx_0006458,2025-06-16 10:10:05,PG,136.6,812,sell,NYSE
tx_0002172,2025-06-16 10:10:14,PYPL,242.46,943,sell,NASDAQ
tx_0000053,2025-06-16 10:10:16,GOOGL,2817.82,689,buy,NASDAQ
tx_0001104,2025-06-16 10:10:17,TSLA,687.3,423,buy,NASDAQ
tx_0003076,2025-06-16 10:10:17,PG,137.03,922,buy,NYSE
tx_0000450,2025-06-16 10:10:18,PG,138.69,330,buy,NYSE
tx_0009360,2025-06-16 10:10:20,MA,343.39,349,sell,NYSE
tx_0004053,2025-06-16 10:10:27,TSLA,687.52,766,sell,NASDAQ
tx_0002571,2025-06-16 10:10:27,MCD,244.34,501,sell,NYSE
tx_0005175,2025-06-16 10:10:31,MA,337.9,297,buy,NYSE
tx_0007500,2025-06-16 10:10:31,PEP,150.75,436,sell,NYSE
tx_0002670,2025-06-16 10:10:36,FB,333.17,983,buy,NASDAQ
tx_0005367,2025-06-16 10:10:38,PG,138.73,269,buy,NYSE
tx_0003978,2025-06-16 10:10:40,PG,136.76,567,buy,NYSE
tx_0005591,2025-06-16 10:10:40,WMT,137.82,514,buy,NYSE
tx_0009759,2025-06-16 10:10:40,TSLA,692.17,814,buy,NASDAQ
tx_0009949,2025-06-16 10:10:42,NFLX,488.45,701,sell,
tx_0007665,2025-06-16 10:10:44,NVDA,200.53,285,sell,NASDAQ
tx_0004896,2025-06-16 10:10:56,JNJ,164.33,415,sell,NYSE
tx_0002086,2025-06-16 10:10:59,MCD,246.44,432,buy,NYSE
tx_0000338,2025-06-16 10:11:02,PYPL,243.86,345,buy,NASDAQ
tx_0000965,2025-06-16 10:11:11,NVDA,203.63,994,buy,NASDAQ
tx_0004462,2025-06-16 10:11:11,JNJ,164.79,246,sell,NYSE
tx_0007571,2025-06-16 10:11:13,V,224.03,386,buy,NYSE
tx_0005033,2025-06-16 10:11:17,GOOGL,2815.76,128,sell,NASDAQ
tx_0009856,2025-06-16 10:11:18,PG,137.37,622,buy,NYSE
tx_0003583,2025-06-16 10:11:24,MCD,244.48,401,sell,NYSE
tx_0009090,2025-06-16 10:11:24,DIS,185.78,137,,NYSE
tx_0003824,2025-06-16 10:11:36,NVDA,203.82,487,sell,NASDAQ
tx_0000173,2025-06-16 10:11:36,GOOGL,2842.94,965,sell,NASDAQ
tx_0008865,2025-06-16 10:11:42,V,225.56,639,buy,NYSE
tx_0008375,2025-06-16 10:11:44,V,223.44,165,,NYSE
tx_0002192,2025-06-16 10:11:49,PEP,149.36,125,buy,NYSE
tx_0003665,2025-06-16 10:11:53,KO,56.58,857,buy,NYSE
tx_0007674,2025-06-16 10:11:55,FB,332.9,745,sell,NASDAQ
tx_0004683,2025-06-16 10:11:55,MCD,248.75,613,buy,NYSE
tx_0004585,2025-06-16 10:11:56,PEP,149.45,182,buy,NYSE
tx_0003087,2025-06-16 10:11:57,PEP,151.26,707,buy,NYSE
tx_0005706,2025-06-16 10:12:00,AMZN,,197,buy,NASDAQ
tx_0006456,2025-06-16 10:12:01,AAPL,147.28,965,sell,NASDAQ
tx_0001026,2025-06-16 10:12:03,MCD,249.34,963,buy,NYSE
tx_0007919,2025-06-16 10:12:04,BRK.B,275.22,105,sell,NYSE
tx_0009419,2025-06-16 10:12:04,GOOGL,2817.33,468,sell,NASDAQ
tx_0004155,2025-06-16 10:12:07,JNJ,165.98,840,sell,NYSE
tx_0002437,2025-06-16 10:12:08,BRK.B,278.63,552,sell,NYSE
tx_0008699,2025-06-16 10:12:10,AMZN,3609.83,333,sell,NASDAQ
tx_0004887,2025-06-16 10:12:10,DIS,185.93,638,buy,NYSE
tx_0000018,2025-06-16 10:12:13,V,225.78,679,sell,NYSE
tx_0002023,2025-06-16 10:12:14,PG,139.53,920,buy,NYSE
tx_0007641,2025-06-16 10:12:14,MCD,249.42,265,sell,NYSE
tx_0003418,2025-06-16 10:12:15,WMT,140.25,409,sell,NYSE
tx_0004058,2025-06-16 10:12:19,FB,329.97,825,sell,NASDAQ
tx_0006847,2025-06-16 10:12:22,WMT,138.02,411,buy,NYSE
tx_0005366,2025-06-16 10:12:24,ADBE,599.88,309,sell,NASDAQ
tx_0008671,2025-06-16 10:12:33,KO,56.75,216,buy,NYSE
tx_0006042,2025-06-16 10:12:39,PG,138.59,802,buy,NYSE
tx_0005545,2025-06-16 10:12:44,FB,334.05,342,sell,NASDAQ
tx_0007241,2025-06-16 10:12:47,ADBE,595.08,755,sell,NASDAQ
tx_0004044,2025-06-16 10:12:48,PEP,150.87,877,sell,NYSE
tx_0008303,2025-06-16 10:12:50,GOOGL,2824.86,412,buy,
tx_0002458,2025-06-16 10:12:51,MA,340.13,575,buy,NYSE
tx_0008471,2025-06-16 10:12:53,FB,335.62,920,buy,NASDAQ
tx_0000358,2025-06-16 10:12:54,FB,336.51,620,sell,NASDAQ
tx_0003809,2025-06-16 10:12:58,TSLA,679.55,281,sell,NASDAQ
tx_0006329,2025-06-16 10:13:01,BRK.B,274.5,278,buy,NYSE
tx_0000216,2025-06-16 10:13:02,BRK.B,273.67,198,sell,NYSE
tx_0002997,2025-06-16 10:13:06,AAPL,146.39,642,sell,NASDAQ
tx_0007233,2025-06-16 10:13:10,MCD,246.44,808,sell,NYSE
tx_0008660,2025-06-16 10:13:14,DIS,183.92,957,buy,NYSE
tx_0001757,2025-06-16 10:13:15,JNJ,166.29,551,buy,NYSE
tx_0004017,2025-06-16 10:13:15,V,221.61,595,buy,NYSE
tx_0002114,2025-06-16 10:13:16,KO,57.4,554,sell,NYSE
tx_0006113,2025-06-16 10:13:17,GOOGL,2862.56,958,sell,NASDAQ
tx_0008793,2025-06-16 10:13:18,AAPL,146.38,964,sell,NASDAQ
tx_0003808,2025-06-16 10:13:23,FB,333.91,636,sell,NASDAQ
tx_0008567,2025-06-16 10:13:25,TSLA,690.75,420,buy,NASDAQ
tx_0001515,2025-06-16 10:13:25,KO,56.95,857,sell,NYSE
tx_0003659,2025-06-16 10:13:27,V,224.74,274,sell,NYSE
tx_0006281,2025-06-16 10:13:30,AAPL,147.35,835,buy,NASDAQ
tx_0000405,2025-06-16 10:13:31,NFLX,490.0,669,sell,NASDAQ
tx_0003551,2025-06-16 10:13:44,WMT,138.23,247,sell,NYSE
tx_0006691,2025-06-16 10:13:44,KO,56.81,942,buy,NYSE
tx_0002254,2025-06-16 10:13:44,DIS,184.29,360,buy,NYSE
tx_0003532,2025-06-16 10:13:45,MCD,246.04,861,buy,NYSE
tx_0002831,2025-06-16 10:13:49,NFLX,,793,buy,NASDAQ
tx_0001056,2025-06-16 10:13:49,V,226.0,129,buy,NYSE
tx_0004491,2025-06-16 10:13:53,KO,57.48,202,sell,NYSE
tx_0005321,2025-06-16 10:13:55,BRK.B,273.66,816,sell,NYSE
tx_0008761,2025-06-16 10:13:56,TSLA,693.19,917,buy,NASDAQ
tx_0006393,2025-06-16 10:13:57,MSFT,304.48,417,buy,NASDAQ
tx_0005022,2025-06-16 10:14:11,JNJ,166.17,884,sell,NYSE
tx_0005945,2025-06-16 10:14:12,NFLX,494.31,263,buy,NASDAQ
tx_0004864,2025-06-16 10:14:14,AAPL,147.47,670,buy,NASDAQ
tx_0009872,2025-06-16 10:14:15,FB,334.27,435,buy,NASDAQ
tx_0000876,2025-06-16 10:14:16,MA,341.37,913,buy,NYSE
tx_0002384,2025-06-16 10:14:21,MA,337.82,654,buy,NYSE
tx_0001626,2025-06-16 10:14:23,KO,57.38,453,buy,NYSE
tx_0002334,2025-06-16 10:14:27,DIS,184.73,910,buy,NYSE
tx_0005743,2025-06-16 10:14:27,MA,342.61,669,buy,NYSE
tx_0004370,2025-06-16 10:14:28,FB,336.89,889,buy,NASDAQ
tx_0004466,2025-06-16 10:14:29,TSLA,683.2,212,buy,NASDAQ
tx_0002280,2025-06-16 10:14:31,PEP,151.04,751,sell,NYSE
tx_0009368,2025-06-16 10:14:34,GOOGL,2879.36,950,sell,NASDAQ
tx_0007968,2025-06-16 10:14:34,NFLX,497.99,846,sell,NASDAQ
tx_0007833,2025-06-16 10:14:37,NFLX,493.85,114,buy,NASDAQ
tx_0008410,2025-06-16 10:14:46,BRK.B,275.77,137,buy,NYSE
tx_0001830,2025-06-16 10:14:51,AMZN,3575.9,733,sell,NASDAQ
tx_0001526,2025-06-16 10:14:51,AMZN,3588.97,108,sell,NASDAQ
tx_0000452,2025-06-16 10:14:54,MA,344.48,157,sell,NYSE
tx_0004745,2025-06-16 10:14:55,PYPL,242.5,823,sell,NASDAQ
tx_0003511,2025-06-16 10:15:08,PG,136.56,200,buy,NYSE
tx_0006943,2025-06-16 10:15:11,TSLA,683.88,560,buy,NASDAQ
tx_0003068,2025-06-16 10:15:11,JNJ,165.64,397,buy,NYSE
tx_0005950,2025-06-16 10:15:12,WMT,139.91,237,buy,NYSE
tx_0008025,2025-06-16 10:15:14,V,222.31,126,buy,NYSE
tx_0002582,2025-06-16 10:15:15,NVDA,202.87,734,buy,NASDAQ
tx_0001549,2025-06-16 10:15:17,PYPL,245.12,911,sell,NASDAQ
tx_0008541,2025-06-16 10:15:17,GOOGL,2857.8,243,sell,NASDAQ
tx_0004609,2025-06-16 10:15:18,PEP,152.09,652,sell,NYSE
tx_0003929,2025-06-16 10:15:23,TSLA,684.6,426,,NASDAQ
tx_0003864,2025-06-16 10:15:25,MSFT,302.53,214,buy,NASDAQ
tx_0005762,2025-06-16 10:15:26,MSFT,299.71,597,buy,NASDAQ
tx_0005845,2025-06-16 10:15:28,PYPL,244.0,811,buy,NASDAQ
tx_0006370,2025-06-16 10:15:28,FB,335.19,967,,NASDAQ
tx_0003213,2025-06-16 10:15:29,GOOGL,2870.74,968,sell,NASDAQ
tx_0001793,2025-06-16 10:15:34,BRK.B,277.47,625,buy,NYSE
tx_0002194,2025-06-16 10:15:34,MSFT,303.98,445,buy,NASDAQ
tx_0002037,2025-06-16 10:15:37,AMZN,3606.47,420,buy,NASDAQ
tx_0008109,2025-06-16 10:15:38,WMT,138.94,196,sell,NYSE
tx_0006505,2025-06-16 10:15:38,BRK.B,276.23,308,buy,NYSE
tx_0006626,2025-06-16 10:15:39,PEP,151.09,639,sell,NYSE
tx_0001668,2025-06-16 10:15:46,FB,335.08,498,buy,NASDAQ
tx_0007903,2025-06-16 10:15:48,AAPL,144.9,333,buy,NASDAQ
tx_0009239,2025-06-16 10:15:49,NVDA,203.89,735,buy,NASDAQ
tx_0007053,2025-06-16 10:15:50,GOOGL,2845.3,665,sell,NASDAQ
tx_0006122,2025-06-16 10:15:51,WMT,138.3,494,sell,NYSE
tx_0008893,2025-06-16 10:15:54,TSLA,692.71,610,,NASDAQ
tx_0005856,2025-06-16 10:15:55,PG,136.84,116,buy,NYSE
tx_0003060,2025-06-16 10:16:00,AMZN,3571.01,218,buy,NASDAQ
tx_0005032,2025-06-16 10:16:03,WMT,139.26,300,buy,NYSE
tx_0002481,2025-06-16 10:16:04,WMT,139.84,183,buy,NYSE
tx_0004922,2025-06-16 10:16:08,MSFT,300.09,327,buy,NASDAQ
tx_0004169,2025-06-16 10:16:08,AMZN,3551.39,428,buy,NASDAQ
tx_0001060,2025-06-16 10:16:11,PYPL,244.21,191,buy,NASDAQ
tx_0003228,2025-06-16 10:16:11,PYPL,243.29,487,sell,NASDAQ
tx_0004607,2025-06-16 10:16:12,JNJ,165.66,466,sell,NYSE
tx_0006709,2025-06-16 10:16:12,MCD,249.18,509,buy,NYSE
tx_0000670,2025-06-16 10:16:18,ADBE,600.76,481,buy,NASDAQ
tx_0000599,2025-06-16 10:16:18,GOOGL,2834.69,174,sell,NASDAQ
tx_0008545,2025-06-16 10:16:20,NVDA,204.01,454,buy,NASDAQ
tx_0000773,2025-06-16 10:16:20,PEP,151.71,490,buy,NYSE
tx_0007745,2025-06-16 10:16:20,DIS,183.42,471,buy,NYSE
tx_0003353,2025-06-16 10:16:21,DIS,183.61,186,sell,NYSE
tx_0009593,2025-06-16 10:16:24,AAPL,145.77,530,buy,NASDAQ
tx_0006320,2025-06-16 10:16:25,JNJ,164.51,800,sell,NYSE
tx_0009299,2025-06-16 10:16:29,DIS,183.03,570,sell,NYSE
tx_0009477,2025-06-16 10:16:31,KO,56.52,267,sell,NYSE
tx_0000225,2025-06-16 10:16:35,NVDA,203.9,432,sell,NASDAQ
tx_0001115,2025-06-16 10:16:39,KO,57.09,911,buy,NYSE
tx_0002420,2025-06-16 10:16:43,ADBE,601.45,797,buy,NASDAQ
tx_0001544,2025-06-16 10:16:45,FB,332.79,599,sell,NASDAQ
tx_0000807,2025-06-16 10:16:46,TSLA,682.09,178,sell,NASDAQ
tx_0007200,2025-06-16 10:16:47,KO,57.62,786,sell,NYSE
tx_0005372,2025-06-16 10:16:47,MA,337.12,379,buy,NYSE
tx_0007772,2025-06-16 10:16:52,BRK.B,277.92,884,sell,NYSE
tx_0009181,2025-06-16 10:16:54,MSFT,300.92,989,buy,NASDAQ
tx_0006895,2025-06-16 10:16:55,TSLA,683.21,252,,NASDAQ
tx_0006222,2025-06-16 10:16:55,GOOGL,2854.89,899,buy,NASDAQ
tx_0009223,2025-06-16 10:17:01,MA,341.77,901,buy,NYSE
tx_0009891,2025-06-16 10:17:03,FB,333.34,287,sell,NASDAQ
tx_0002664,2025-06-16 10:17:07,FB,336.1,318,buy,NASDAQ
tx_0000524,2025-06-16 10:17:07,FB,336.52,489,sell,NASDAQ
tx_0007783,2025-06-16 10:17:09,WMT,137.5,287,sell,NYSE
tx_0000114,2025-06-16 10:17:17,MA,339.68,612,sell,NYSE
tx_0004978,2025-06-16 10:17:20,MA,335.96,758,buy,NYSE
tx_0002958,2025-06-16 10:17:21,MCD,249.3,419,sell,NYSE
tx_0006298,2025-06-16 10:17:27,MA,336.94,367,sell,NYSE
tx_0002499,2025-06-16 10:17:28,V,225.18,402,sell,NYSE
tx_0009625,2025-06-16 10:17:28,MCD,248.72,285,buy,NYSE
tx_0006183,2025-06-16 10:17:29,PG,135.97,668,sell,NYSE
tx_0000780,2025-06-16 10:17:30,AAPL,145.02,106,sell,NASDAQ
tx_0008009,2025-06-16 10:17:37,PEP,151.19,574,sell,NYSE
tx_0003497,2025-06-16 10:17:38,KO,56.69,648,buy,NYSE
tx_0003491,2025-06-16 10:17:39,JNJ,164.33,191,sell,NYSE
tx_0007406,2025-06-16 10:17:41,NFLX,493.46,397,sell,NASDAQ
tx_0009050,2025-06-16 10:17:45,JNJ,166.85,687,buy,NYSE
tx_0006658,2025-06-16 10:17:46,MCD,248.25,844,buy,NYSE
tx_0006781,2025-06-16 10:17:48,MA,339.28,813,buy,NYSE
tx_0005580,2025-06-16 10:17:48,MSFT,303.7,646,buy,NASDAQ
tx_0009014,2025-06-16 10:17:52,BRK.B,278.93,706,buy,NYSE
tx_0008416,2025-06-16 10:17:54,MCD,250.52,450,sell,NYSE
tx_0005404,2025-06-16 10:17:58,FB,335.07,746,buy,NASDAQ
tx_0008038,2025-06-16 10:18:00,TSLA,690.86,277,sell,NASDAQ
tx_0003446,2025-06-16 10:18:03,NFLX,494.29,624,sell,NASDAQ
tx_0009206,2025-06-16 10:18:05,TSLA,686.57,687,buy,NASDAQ
tx_0005763,2025-06-16 10:18:06,PG,135.53,614,buy,NYSE
tx_0001132,2025-06-16 10:18:10,FB,333.39,725,sell,NASDAQ
tx_0001088,2025-06-16 10:18:12,PEP,152.05,364,buy,NYSE
tx_0001293,2025-06-16 10:18:13,MSFT,301.51,448,buy,NASDAQ
tx_0002877,2025-06-16 10:18:14,GOOGL,2846.8,300,sell,NASDAQ
tx_0004063,2025-06-16 10:18:19,KO,56.83,593,sell,NYSE
tx_0004096,2025-06-16 10:18:19,JNJ,166.18,292,sell,NYSE
tx_0005646,2025-06-16 10:18:21,BRK.B,276.16,401,sell,NYSE
tx_0000813,2025-06-16 10:18:24,AAPL,145.05,401,buy,NASDAQ
tx_0005577,2025-06-16 10:18:24,MSFT,299.59,119,sell,NASDAQ
tx_0001743,2025-06-16 10:18:26,DIS,184.83,894,sell,NYSE
tx_0002809,2025-06-16 10:18:28,JNJ,166.55,153,buy,NYSE
tx_0005606,2025-06-16 10:18:30,MCD,248.25,765,buy,NYSE
tx_0003058,2025-06-16 10:18:38,PG,137.61,400,buy,NYSE
tx_0003119,2025-06-16 10:18:41,AMZN,3595.1,144,sell,NASDAQ
tx_0001285,2025-06-16 10:18:42,MA,337.32,536,sell,NYSE
tx_0003436,2025-06-16 10:18:42,TSLA,690.96,487,buy,NASDAQ
tx_0001729,2025-06-16 10:18:43,PG,137.7,146,buy,NYSE
tx_0000313,2025-06-16 10:18:46,JNJ,166.46,242,sell,NYSE
tx_0002552,2025-06-16 10:18:46,V,223.12,406,sell,NYSE
tx_0008346,2025-06-16 10:18:50,V,224.42,448,buy,NYSE
tx_0003481,2025-06-16 10:18:51,AAPL,147.4,472,sell,NASDAQ
tx_0009215,2025-06-16 10:18:51,MSFT,304.15,695,buy,NASDAQ
tx_0001875,2025-06-16 10:18:51,FB,340.31,563,buy,NASDAQ
tx_0006185,2025-06-16 10:18:52,NFLX,495.01,614,sell,NASDAQ
tx_0006497,2025-06-16 10:18:53,GOOGL,2867.31,498,sell,NASDAQ
tx_0002532,2025-06-16 10:18:54,PYPL,242.32,842,sell,NASDAQ
tx_0005239,2025-06-16 10:18:56,JNJ,166.33,937,sell,NYSE
tx_0004065,2025-06-16 10:18:56,FB,339.65,125,buy,NASDAQ
tx_0002459,2025-06-16 10:18:57,MA,335.58,539,buy,NYSE
tx_0008489,2025-06-16 10:19:01,JNJ,167.11,414,buy,NYSE
tx_0000798,2025-06-16 10:19:02,MSFT,302.79,572,buy,NASDAQ
tx_0008647,2025-06-16 10:19:04,PYPL,246.25,355,buy,NASDAQ
tx_0004853,2025-06-16 10:19:05,GOOGL,2849.72,792,sell,NASDAQ
tx_0006257,2025-06-16 10:19:05,AMZN,3602.6,244,sell,NASDAQ
tx_0005946,2025-06-16 10:19:08,MSFT,301.99,607,sell,NASDAQ
tx_0007199,2025-06-16 10:19:10,MSFT,302.07,783,sell,NASDAQ
tx_0000942,2025-06-16 10:19:11,PEP,151.33,281,buy,NYSE
tx_0002492,2025-06-16 10:19:11,ADBE,601.68,564,buy,NASDAQ
tx_0008383,2025-06-16 10:19:15,PG,136.85,690,sell,NYSE
tx_0000204,2025-06-16 10:19:16,MSFT,304.93,913,buy,NASDAQ
tx_0004713,2025-06-16 10:19:17,TSLA,688.22,920,buy,NASDAQ
tx_0004226,2025-06-16 10:19:19,NVDA,204.07,225,buy,NASDAQ
tx_0004560,2025-06-16 10:19:23,V,222.53,224,sell,NYSE
tx_0001329,2025-06-16 10:19:24,JNJ,164.95,366,sell,NYSE
tx_0009762,2025-06-16 10:19:24,AMZN,3609.06,717,buy,NASDAQ
tx_0007404,2025-06-16 10:19:29,MA,340.48,792,sell,NYSE
tx_0001928,2025-06-16 10:19:29,TSLA,684.08,747,sell,NASDAQ
tx_0009289,2025-06-16 10:19:30,GOOGL,2883.81,626,buy,NASDAQ
tx_0001688,2025-06-16 10:19:30,NVDA,203.72,424,buy,NASDAQ
tx_0007951,2025-06-16 10:19:34,FB,339.4,108,sell,NASDAQ
tx_0005684,2025-06-16 10:19:34,BRK.B,276.96,491,sell,NYSE
tx_0003009,2025-06-16 10:19:38,ADBE,604.91,478,sell,NASDAQ
tx_0001036,2025-06-16 10:19:38,MA,336.29,654,buy,NYSE
tx_0009922,2025-06-16 10:19:38,V,227.26,150,buy,NYSE
tx_0003825,2025-06-16 10:19:40,FB,340.64,243,sell,NASDAQ
tx_0005242,2025-06-16 10:19:51,GOOGL,2854.15,935,sell,NASDAQ
tx_0002446,2025-06-16 10:19:54,PG,137.82,370,sell,
tx_0003468,2025-06-16 10:19:55,KO,55.98,552,buy,NYSE
tx_0006242,2025-06-16 10:19:56,NFLX,491.74,669,buy,NASDAQ
tx_0003698,2025-06-16 10:19:56,MA,339.3,839,sell,NYSE
tx_0008169,2025-06-16 10:19:58,AMZN,3573.12,572,buy,NASDAQ
tx_0009441,2025-06-16 10:19:59,TSLA,692.84,498,sell,NASDAQ
tx_0002739,2025-06-16 10:20:11,PEP,151.47,111,sell,NYSE
tx_0008657,2025-06-16 10:20:13,AMZN,3590.71,713,buy,NASDAQ
tx_0003075,2025-06-16 10:20:14,MSFT,304.22,906,sell,NASDAQ
tx_0004776,2025-06-16 10:20:14,KO,56.07,255,sell,NYSE
tx_0007236,2025-06-16 10:20:15,DIS,185.09,774,buy,NYSE
tx_0008636,2025-06-16 10:20:16,WMT,139.73,625,buy,NYSE
tx_0002660,2025-06-16 10:20:17,MSFT,304.17,525,sell,NASDAQ
tx_0003793,2025-06-16 10:20:17,BRK.B,276.6,303,sell,NYSE
tx_0005716,2025-06-16 10:20:18,AAPL,147.7,748,sell,NASDAQ
tx_0006840,2025-06-16 10:20:24,DIS,183.93,984,buy,NYSE
tx_0009328,2025-06-16 10:20:28,KO,56.67,662,buy,NYSE
tx_0005534,2025-06-16 10:20:29,V,223.48,617,sell,NYSE
tx_0003610,2025-06-16 10:20:30,JNJ,166.08,822,buy,NYSE
tx_0004473,2025-06-16 10:20:32,V,223.96,619,buy,NYSE
tx_0000930,2025-06-16 10:20:32,PYPL,245.24,758,sell,NASDAQ
tx_0000552,2025-06-16 10:20:40,GOOGL,2891.14,877,sell,NASDAQ
tx_0004595,2025-06-16 10:20:41,MCD,248.8,948,buy,NYSE
tx_0001237,2025-06-16 10:20:44,JNJ,165.33,620,sell,NYSE
tx_0004941,2025-06-16 10:20:49,PG,137.15,229,buy,NYSE
tx_0003189,2025-06-16 10:20:50,ADBE,605.97,997,sell,NASDAQ
tx_0001363,2025-06-16 10:20:53,JNJ,167.84,425,sell,NYSE
tx_0006248,2025-06-16 10:20:56,AMZN,3581.83,864,sell,NASDAQ
tx_0002138,2025-06-16 10:20:58,MSFT,302.79,332,buy,NASDAQ
tx_0005442,2025-06-16 10:21:00,PG,137.07,376,sell,NYSE
tx_0006931,2025-06-16 10:21:01,FB,335.74,767,sell,NASDAQ
tx_0008161,2025-06-16 10:21:06,AAPL,146.22,660,buy,NASDAQ
tx_0008990,2025-06-16 10:21:10,KO,55.74,253,buy,NYSE
tx_0009075,2025-06-16 10:21:11,ADBE,599.65,252,sell,NASDAQ
tx_0003508,2025-06-16 10:21:12,DIS,184.3,335,sell,NYSE
tx_0002948,2025-06-16 10:21:16,MA,336.39,553,sell,NYSE
tx_0006268,2025-06-16 10:21:18,FB,334.85,773,buy,NASDAQ
tx_0003823,2025-06-16 10:21:19,PYPL,244.34,660,sell,NASDAQ
tx_0008880,2025-06-16 10:21:20,PEP,149.59,536,buy,NYSE
tx_0000616,2025-06-16 10:21:23,FB,336.59,258,sell,NASDAQ
tx_0003889,2025-06-16 10:21:24,MCD,250.57,698,sell,NYSE
tx_0002251,2025-06-16 10:21:30,GOOGL,2870.74,322,buy,NASDAQ
tx_0005594,2025-06-16 10:21:31,MSFT,297.54,186,sell,NASDAQ
tx_0009151,2025-06-16 10:21:32,WMT,136.67,580,buy,NYSE
tx_0002779,2025-06-16 10:21:39,JNJ,166.74,476,sell,NYSE
tx_0009357,2025-06-16 10:21:40,PG,136.83,877,buy,NYSE
tx_0008461,2025-06-16 10:21:48,PEP,149.44,101,sell,NYSE
tx_0007814,2025-06-16 10:21:51,PEP,149.49,399,sell,NYSE
tx_0006885,2025-06-16 10:21:52,MA,336.25,708,sell,NYSE
tx_0008989,2025-06-16 10:21:55,PEP,151.55,794,buy,NYSE
tx_0000844,2025-06-16 10:21:59,WMT,137.72,403,sell,NYSE
tx_0008930,2025-06-16 10:22:01,KO,56.05,755,buy,NYSE
tx_0008102,2025-06-16 10:22:13,WMT,,925,sell,NYSE
tx_0007118,2025-06-16 10:22:14,BRK.B,281.2,559,buy,NYSE
tx_0004926,2025-06-16 10:22:15,TSLA,692.57,202,sell,NASDAQ
tx_0008708,2025-06-16 10:22:16,PG,137.76,168,buy,NYSE
tx_0004338,2025-06-16 10:22:18,MSFT,302.11,656,buy,NASDAQ
tx_0004271,2025-06-16 10:22:18,MSFT,299.49,548,sell,NASDAQ
tx_0008076,2025-06-16 10:22:22,AAPL,147.41,318,buy,NASDAQ
tx_0004316,2025-06-16 10:22:26,V,225.46,811,sell,NYSE
tx_0005180,2025-06-16 10:22:30,V,227.0,632,sell,NYSE
tx_0009979,2025-06-16 10:22:37,WMT,136.5,733,buy,NYSE
tx_0001980,2025-06-16 10:22:40,NFLX,498.68,759,buy,NASDAQ
tx_0005125,2025-06-16 10:22:43,PG,137.39,366,buy,NYSE
tx_0006804,2025-06-16 10:22:43,DIS,,415,,NYSE
tx_0000793,2025-06-16 10:22:44,PEP,149.27,410,buy,NYSE
tx_0001850,2025-06-16 10:22:53,NVDA,205.69,712,buy,NASDAQ
tx_0008945,2025-06-16 10:22:56,JNJ,166.63,716,sell,NYSE
tx_0003540,2025-06-16 10:22:56,KO,55.74,907,,NYSE
tx_0003434,2025-06-16 10:22:57,NVDA,203.32,553,buy,NASDAQ
tx_0000950,2025-06-16 10:23:01,MSFT,301.91,705,sell,NASDAQ
tx_0006327,2025-06-16 10:23:05,AMZN,3539.01,981,sell,NASDAQ
tx_0006067,2025-06-16 10:23:06,MSFT,299.68,970,buy,NASDAQ
tx_0007597,2025-06-16 10:23:06,JNJ,165.09,618,sell,NYSE
tx_0005749,2025-06-16 10:23:11,GOOGL,2899.37,984,buy,NASDAQ
tx_0007655,2025-06-16 10:23:16,DIS,182.9,961,buy,NYSE
tx_0002171,2025-06-16 10:23:17,NFLX,490.85,934,sell,NASDAQ
tx_0003899,2025-06-16 10:23:20,KO,55.68,981,sell,NYSE
tx_0002279,2025-06-16 10:23:22,FB,340.36,736,sell,NASDAQ
tx_0005188,2025-06-16 10:23:22,MCD,250.6,547,buy,NYSE
tx_0000220,2025-06-16 10:23:24,MSFT,298.29,223,sell,NASDAQ
tx_0007363,2025-06-16 10:23:28,PYPL,247.61,646,sell,NASDAQ
tx_0005512,2025-06-16 10:23:29,PG,137.58,544,buy,NYSE
tx_0000184,2025-06-16 10:23:37,PG,138.75,780,buy,NYSE
tx_0003207,2025-06-16 10:23:37,KO,55.9,319,buy,NYSE
tx_0005139,2025-06-16 10:23:38,AAPL,145.57,113,sell,NASDAQ
tx_0004934,2025-06-16 10:23:40,WMT,136.83,386,buy,NYSE
tx_0006343,2025-06-16 10:23:45,PG,138.77,712,sell,NYSE
tx_0009199,2025-06-16 10:23:46,JNJ,164.58,404,buy,NYSE
tx_0004488,2025-06-16 10:23:47,V,227.82,559,buy,NYSE
tx_0005274,2025-06-16 10:23:47,PG,137.48,827,buy,NYSE
tx_0003377,2025-06-16 10:23:49,PG,137.76,759,buy,NYSE
tx_0007452,2025-06-16 10:23:53,AMZN,3569.58,411,buy,NASDAQ
tx_0003443,2025-06-16 10:23:54,DIS,184.15,775,buy,NYSE
tx_0004836,2025-06-16 10:23:56,TSLA,685.09,573,sell,NASDAQ
tx_0008308,2025-06-16 10:23:57,MCD,246.15,519,buy,NYSE
tx_0002594,2025-06-16 10:23:57,JNJ,165.17,556,sell,NYSE
tx_0006680,2025-06-16 10:23:58,AMZN,3591.42,332,sell,NASDAQ
tx_0002895,2025-06-16 10:23:58,WMT,136.87,584,buy,NYSE
tx_0005585,2025-06-16 10:24:03,PEP,151.27,906,buy,NYSE
tx_0009860,2025-06-16 10:24:03,PG,139.1,694,buy,NYSE
tx_0008395,2025-06-16 10:24:04,ADBE,603.1,164,sell,NASDAQ
tx_0004653,2025-06-16 10:24:05,PG,139.32,453,buy,NYSE
tx_0009410,2025-06-16 10:24:06,NFLX,488.65,979,sell,NASDAQ
tx_0003541,2025-06-16 10:24:06,TSLA,693.91,835,sell,NASDAQ
tx_0001315,2025-06-16 10:24:10,MSFT,296.9,134,buy,NASDAQ
tx_0000431,2025-06-16 10:24:11,WMT,137.3,317,sell,NYSE
tx_0006217,2025-06-16 10:24:16,TSLA,682.87,650,sell,NASDAQ
tx_0000828,2025-06-16 10:24:16,AAPL,145.92,862,buy,NASDAQ
tx_0008953,2025-06-16 10:24:18,MA,337.46,319,sell,NYSE
tx_0003694,2025-06-16 10:24:21,JNJ,164.63,755,sell,NYSE
tx_0001642,2025-06-16 10:24:21,GOOGL,2895.42,1000,sell,NASDAQ
tx_0001612,2025-06-16 10:24:26,GOOGL,2887.05,243,buy,NASDAQ
tx_0003238,2025-06-16 10:24:32,PEP,152.69,336,sell,NYSE
tx_0005327,2025-06-16 10:24:33,PYPL,245.04,908,buy,NASDAQ
tx_0000574,2025-06-16 10:24:33,ADBE,604.74,590,sell,NASDAQ
tx_0001602,2025-06-16 10:24:34,MCD,250.33,904,buy,NYSE
tx_0004171,2025-06-16 10:24:35,PEP,152.8,527,buy,NYSE
tx_0004181,2025-06-16 10:24:35,BRK.B,279.72,809,buy,NYSE
tx_0000710,2025-06-16 10:24:41,MSFT,302.1,547,buy,NASDAQ
tx_0007594,2025-06-16 10:24:43,MCD,249.37,877,sell,NYSE
tx_0007262,2025-06-16 10:24:44,KO,55.75,791,sell,NYSE
tx_0006088,2025-06-16 10:24:47,KO,56.24,176,sell,NYSE
tx_0000513,2025-06-16 10:24:56,AMZN,3577.38,846,sell,NASDAQ
tx_0001847,2025-06-16 10:24:56,NVDA,208.79,665,buy,NASDAQ
tx_0006942,2025-06-16 10:24:56,NVDA,205.92,593,sell,NASDAQ
tx_0002579,2025-06-16 10:24:57,NFLX,490.37,227,buy,NASDAQ
tx_0008809,2025-06-16 10:24:57,KO,55.62,568,buy,NYSE
tx_0000735,2025-06-16 10:24:58,MSFT,298.05,680,buy,
tx_0007577,2025-06-16 10:25:00,PEP,151.16,485,sell,NYSE
tx_0002353,2025-06-16 10:25:01,FB,337.33,998,buy,NASDAQ
tx_0009037,2025-06-16 10:25:02,TSLA,692.35,103,sell,NASDAQ
tx_0001163,2025-06-16 10:25:04,AMZN,3557.51,311,sell,NASDAQ
tx_0000635,2025-06-16 10:25:04,DIS,184.63,604,sell,NYSE
tx_0002467,2025-06-16 10:25:07,BRK.B,279.41,915,buy,NYSE
tx_0002121,2025-06-16 10:25:10,MA,,805,sell,NYSE
tx_0002203,2025-06-16 10:25:14,DIS,183.26,924,sell,NYSE
tx_0005620,2025-06-16 10:25:15,BRK.B,279.38,999,sell,NYSE
tx_0000587,2025-06-16 10:25:18,PEP,150.24,922,buy,NYSE
tx_0006429,2025-06-16 10:25:22,MSFT,298.16,308,buy,NASDAQ
tx_0005660,2025-06-16 10:25:25,MCD,249.61,955,buy,NYSE
tx_0001523,2025-06-16 10:25:28,TSLA,691.85,907,sell,NASDAQ
tx_0006953,2025-06-16 10:25:36,MCD,245.96,306,buy,NYSE
tx_0009760,2025-06-16 10:25:36,PYPL,243.66,289,,NASDAQ
tx_0006806,2025-06-16 10:25:38,JNJ,167.95,808,buy,NYSE
tx_0006606,2025-06-16 10:25:38,JNJ,165.42,890,buy,NYSE
tx_0003031,2025-06-16 10:25:41,BRK.B,283.23,635,sell,NYSE
tx_0001028,2025-06-16 10:25:44,V,225.01,231,buy,NYSE
tx_0001004,2025-06-16 10:25:50,V,226.41,795,buy,NYSE
tx_0005839,2025-06-16 10:25:52,AMZN,3547.03,614,buy,NASDAQ
tx_0005895,2025-06-16 10:26:00,WMT,136.28,812,sell,NYSE
tx_0006765,2025-06-16 10:26:00,PYPL,242.32,617,buy,NASDAQ
tx_0008016,2025-06-16 10:26:03,FB,341.33,669,buy,NASDAQ
tx_0009838,2025-06-16 10:26:03,MSFT,300.13,782,sell,NASDAQ
tx_0004465,2025-06-16 10:26:05,ADBE,598.46,780,buy,NASDAQ
tx_0003770,2025-06-16 10:26:09,PYPL,245.88,683,buy,NASDAQ
tx_0000246,2025-06-16 10:26:09,BRK.B,283.69,406,sell,NYSE
tx_0009912,2025-06-16 10:26:17,NVDA,205.74,552,buy,NASDAQ
tx_0005066,2025-06-16 10:26:17,GOOGL,,798,buy,NASDAQ
tx_0005219,2025-06-16 10:26:20,V,224.6,352,buy,NYSE
tx_0008193,2025-06-16 10:26:21,PYPL,242.04,392,buy,NASDAQ
tx_0001275,2025-06-16 10:26:27,AAPL,145.76,369,sell,NASDAQ
tx_0001242,2025-06-16 10:26:28,NFLX,499.19,798,sell,NASDAQ
tx_0004798,2025-06-16 10:26:29,BRK.B,281.18,173,buy,NYSE
tx_0004830,2025-06-16 10:26:33,GOOGL,2899.76,269,sell,NASDAQ
tx_0005462,2025-06-16 10:26:34,PG,,796,buy,NYSE
tx_0004463,2025-06-16 10:26:35,MA,332.68,904,buy,NYSE
tx_0006180,2025-06-16 10:26:41,PG,138.37,913,buy,NYSE
tx_0006474,2025-06-16 10:26:45,NFLX,495.89,211,buy,NASDAQ
tx_0009489,2025-06-16 10:26:49,JNJ,167.84,651,sell,NYSE
tx_0001240,2025-06-16 10:26:50,PEP,151.71,666,sell,NYSE
tx_0001381,2025-06-16 10:26:50,JNJ,167.53,673,buy,NYSE
tx_0003787,2025-06-16 10:26:50,AMZN,3554.63,204,sell,NASDAQ
tx_0008495,2025-06-16 10:26:51,PG,138.39,734,sell,NYSE
tx_0004995,2025-06-16 10:26:53,MCD,245.0,402,sell,NYSE
tx_0001472,2025-06-16 10:27:02,KO,55.93,362,buy,NYSE
tx_0008343,2025-06-16 10:27:02,MCD,248.18,365,sell,NYSE
tx_0009140,2025-06-16 10:27:03,MCD,244.86,925,buy,NYSE
tx_0009023,2025-06-16 10:27:06,PYPL,247.75,782,buy,NASDAQ
tx_0008582,2025-06-16 10:27:07,PG,139.98,448,buy,NYSE
tx_0006089,2025-06-16 10:27:07,NFLX,495.92,740,sell,NASDAQ
tx_0000554,2025-06-16 10:27:12,KO,55.73,271,sell,NYSE
tx_0001064,2025-06-16 10:27:16,NVDA,207.42,605,buy,NASDAQ
tx_0001869,2025-06-16 10:27:21,AMZN,3583.34,742,sell,
tx_0000559,2025-06-16 10:27:21,JNJ,165.59,349,sell,NYSE
tx_0006328,2025-06-16 10:27:23,GOOGL,2863.23,430,buy,NASDAQ
tx_0009426,2025-06-16 10:27:24,TSLA,679.77,631,buy,NASDAQ
tx_0005240,2025-06-16 10:27:26,KO,55.78,735,buy,NYSE
tx_0005067,2025-06-16 10:27:26,GOOGL,2882.71,215,buy,NASDAQ
tx_0002485,2025-06-16 10:27:27,MCD,246.07,632,buy,NYSE
tx_0001884,2025-06-16 10:27:28,KO,55.46,456,sell,NYSE
tx_0003473,2025-06-16 10:27:29,AMZN,3579.98,684,sell,NASDAQ
tx_0000437,2025-06-16 10:27:34,KO,56.33,676,buy,NYSE
tx_0006860,2025-06-16 10:27:35,TSLA,693.02,339,sell,NASDAQ
tx_0003014,2025-06-16 10:27:40,KO,55.95,956,sell,NYSE
tx_0005151,2025-06-16 10:27:42,PG,140.14,716,sell,NYSE
tx_0002866,2025-06-16 10:27:43,DIS,184.9,400,buy,NYSE
tx_0007556,2025-06-16 10:27:44,AMZN,3551.32,772,sell,NASDAQ
tx_0005918,2025-06-16 10:27:46,MA,336.73,727,sell,NYSE
tx_0006834,2025-06-16 10:27:53,DIS,184.22,614,buy,NYSE
tx_0007909,2025-06-16 10:27:54,V,226.59,321,sell,NYSE
tx_0008997,2025-06-16 10:27:55,MA,337.09,717,buy,NYSE
tx_0009636,2025-06-16 10:27:58,AMZN,3559.3,905,sell,NASDAQ
tx_0005881,2025-06-16 10:28:01,V,223.77,867,buy,NYSE
tx_0003633,2025-06-16 10:28:03,TSLA,683.72,829,sell,NASDAQ
tx_0004173,2025-06-16 10:28:05,DIS,184.64,756,buy,NYSE
tx_0006520,2025-06-16 10:28:07,MSFT,299.55,657,buy,NASDAQ
tx_0002001,2025-06-16 10:28:11,TSLA,688.19,987,buy,NASDAQ
tx_0002365,2025-06-16 10:28:12,MA,332.97,742,sell,NYSE
tx_0000418,2025-06-16 10:28:16,PEP,152.01,950,buy,NYSE
tx_0009488,2025-06-16 10:28:17,FB,336.77,790,sell,NASDAQ
tx_0009146,2025-06-16 10:28:19,WMT,138.71,544,sell,NYSE
tx_0002169,2025-06-16 10:28:25,MCD,247.01,595,sell,NYSE
tx_0009131,2025-06-16 10:28:25,PG,138.38,991,buy,NYSE
tx_0006949,2025-06-16 10:28:26,AAPL,145.51,479,sell,NASDAQ
tx_0006027,2025-06-16 10:28:30,JNJ,,955,buy,NYSE
tx_0001997,2025-06-16 10:28:31,PYPL,245.98,576,buy,NASDAQ
tx_0001212,2025-06-16 10:28:35,TSLA,683.88,407,sell,NASDAQ
tx_0003560,2025-06-16 10:28:36,GOOGL,2930.5,779,sell,NASDAQ
tx_0000139,2025-06-16 10:28:38,GOOGL,2925.61,923,sell,NASDAQ
tx_0000298,2025-06-16 10:28:38,MA,336.96,834,sell,NYSE
tx_0008370,2025-06-16 10:28:49,WMT,137.9,548,buy,NYSE
tx_0002711,2025-06-16 10:28:52,FB,332.94,545,sell,NASDAQ
tx_0001376,2025-06-16 10:28:53,FB,334.93,149,buy,NASDAQ
tx_0004161,2025-06-16 10:28:53,NVDA,207.04,655,buy,NASDAQ
tx_0004230,2025-06-16 10:28:59,MCD,248.04,127,buy,NYSE
tx_0004188,2025-06-16 10:29:00,PEP,150.92,306,buy,NYSE
tx_0004564,2025-06-16 10:29:01,AAPL,145.19,151,buy,NASDAQ
tx_0009981,2025-06-16 10:29:14,DIS,185.76,728,sell,NYSE
tx_0009683,2025-06-16 10:29:15,MA,335.58,491,sell,NYSE
tx_0001015,2025-06-16 10:29:15,MCD,246.53,965,buy,NYSE
tx_0002426,2025-06-16 10:29:18,JNJ,165.82,150,buy,NYSE
tx_0004737,2025-06-16 10:29:25,BRK.B,283.74,442,buy,NYSE
tx_0001502,2025-06-16 10:29:26,ADBE,609.95,486,buy,NASDAQ
tx_0008746,2025-06-16 10:29:29,NVDA,209.21,888,buy,NASDAQ
tx_0005411,2025-06-16 10:29:32,V,226.52,919,buy,NYSE
tx_0006316,2025-06-16 10:29:35,PYPL,248.45,433,buy,NASDAQ
tx_0005849,2025-06-16 10:29:37,DIS,186.42,903,buy,NYSE
tx_0000031,2025-06-16 10:29:37,GOOGL,2925.99,426,buy,NASDAQ
tx_0003260,2025-06-16 10:29:46,PEP,151.67,132,sell,NYSE
tx_0002168,2025-06-16 10:29:46,AMZN,3586.01,950,buy,NASDAQ
tx_0002608,2025-06-16 10:29:47,ADBE,604.67,351,buy,NASDAQ
tx_0001664,2025-06-16 10:29:47,AAPL,145.67,586,sell,NASDAQ
tx_0007102,2025-06-16 10:29:53,MCD,246.27,428,buy,NYSE
tx_0000262,2025-06-16 10:29:54,AAPL,144.84,642,buy,NASDAQ
tx_0005988,2025-06-16 10:29:56,KO,56.05,756,sell,NYSE
tx_0007205,2025-06-16 10:30:00,JNJ,165.74,132,sell,NYSE
tx_0007082,2025-06-16 10:30:00,ADBE,607.18,766,sell,NASDAQ
tx_0004011,2025-06-16 10:30:01,MCD,247.33,571,sell,NYSE
tx_0007161,2025-06-16 10:30:04,NFLX,488.11,184,sell,NASDAQ
tx_0009505,2025-06-16 10:30:04,AAPL,147.44,733,buy,NASDAQ
tx_0002213,2025-06-16 10:30:04,GOOGL,2947.25,567,buy,NASDAQ
tx_0007312,2025-06-16 10:30:05,ADBE,608.71,853,buy,NASDAQ
tx_0006676,2025-06-16 10:30:08,TSLA,685.81,886,buy,NASDAQ
tx_0005887,2025-06-16 10:30:13,TSLA,690.68,896,sell,NASDAQ
tx_0006544,2025-06-16 10:30:13,AMZN,3590.3,161,buy,NASDAQ
tx_0005124,2025-06-16 10:30:16,PG,137.89,652,buy,NYSE
tx_0007359,2025-06-16 10:30:19,KO,55.06,408,sell,NYSE
tx_0002391,2025-06-16 10:30:26,TSLA,688.5,247,sell,NASDAQ
tx_0006011,2025-06-16 10:30:32,FB,335.14,389,sell,NASDAQ
tx_0000030,2025-06-16 10:30:32,TSLA,685.43,466,sell,NASDAQ
tx_0006428,2025-06-16 10:30:35,ADBE,609.23,947,sell,NASDAQ
tx_0005035,2025-06-16 10:30:38,PG,137.21,754,buy,NYSE
tx_0003427,2025-06-16 10:30:42,NFLX,493.12,337,sell,NASDAQ
tx_0002028,2025-06-16 10:30:44,JNJ,165.88,767,buy,NYSE
tx_0002231,2025-06-16 10:30:45,FB,338.58,459,sell,NASDAQ
tx_0000478,2025-06-16 10:30:45,FB,337.53,326,buy,NASDAQ
tx_0002436,2025-06-16 10:30:48,NFLX,493.67,101,buy,NASDAQ
tx_0002380,2025-06-16 10:30:51,WMT,137.54,793,buy,
tx_0003135,2025-06-16 10:31:00,TSLA,681.02,256,buy,NASDAQ
tx_0004669,2025-06-16 10:31:03,PEP,152.33,756,buy,NYSE
tx_0006107,2025-06-16 10:31:04,AMZN,3601.72,375,buy,NASDAQ
tx_0000066,2025-06-16 10:31:10,NFLX,490.81,222,sell,NASDAQ
tx_0008613,2025-06-16 10:31:14,PYPL,245.88,965,sell,NASDAQ
tx_0005653,2025-06-16 10:31:15,MA,330.23,826,buy,NYSE
tx_0008680,2025-06-16 10:31:17,PEP,150.85,609,buy,NYSE
tx_0000459,2025-06-16 10:31:18,V,225.58,621,buy,NYSE
tx_0003142,2025-06-16 10:31:19,TSLA,689.61,775,sell,
tx_0006620,2025-06-16 10:31:20,PYPL,246.45,863,sell,NASDAQ
tx_0008522,2025-06-16 10:31:20,WMT,135.77,888,sell,NYSE
tx_0002524,2025-06-16 10:31:23,NFLX,485.83,463,buy,NASDAQ
tx_0005336,2025-06-16 10:31:25,MSFT,300.62,555,sell,NASDAQ
tx_0001999,2025-06-16 10:31:25,PYPL,244.31,384,buy,NASDAQ
tx_0008900,2025-06-16 10:31:29,GOOGL,2921.5,114,buy,NASDAQ
tx_0004760,2025-06-16 10:31:32,DIS,186.55,506,sell,NYSE
tx_0005355,2025-06-16 10:31:33,MSFT,301.51,221,sell,NASDAQ
tx_0006962,2025-06-16 10:31:37,MCD,250.06,913,sell,
tx_0009812,2025-06-16 10:31:37,JNJ,166.64,850,buy,NYSE
tx_0007045,2025-06-16 10:31:39,JNJ,165.84,176,sell,NYSE
tx_0003766,2025-06-16 10:31:40,FB,,597,buy,NASDAQ
tx_0007334,2025-06-16 10:31:45,NFLX,486.15,728,buy,NASDAQ
tx_0005030,2025-06-16 10:31:47,AMZN,3574.71,288,sell,NASDAQ
tx_0003933,2025-06-16 10:31:48,BRK.B,281.52,614,buy,NYSE
tx_0002918,2025-06-16 10:31:49,FB,,811,sell,NASDAQ
tx_0005465,2025-06-16 10:31:52,NVDA,206.43,259,buy,NASDAQ
tx_0000464,2025-06-16 10:31:53,AMZN,3589.34,639,buy,NASDAQ
tx_0007946,2025-06-16 10:31:54,PG,139.06,235,sell,NYSE
tx_0007980,2025-06-16 10:31:55,AAPL,147.56,589,sell,NASDAQ
tx_0007324,2025-06-16 10:31:56,MSFT,300.11,203,buy,NASDAQ
tx_0008759,2025-06-16 10:31:58,MCD,247.52,585,buy,NYSE
tx_0003483,2025-06-16 10:31:59,MA,333.89,286,buy,NYSE
tx_0003876,2025-06-16 10:31:59,V,227.98,875,buy,NYSE
tx_0006695,2025-06-16 10:32:03,MA,333.68,191,buy,NYSE
tx_0004854,2025-06-16 10:32:06,BRK.B,280.99,575,buy,NYSE
tx_0007038,2025-06-16 10:32:06,DIS,184.66,181,buy,NYSE
tx_0002674,2025-06-16 10:32:12,WMT,137.22,595,sell,NYSE
tx_0000970,2025-06-16 10:32:12,PYPL,245.02,551,sell,NASDAQ
tx_0004616,2025-06-16 10:32:12,TSLA,,389,buy,NASDAQ
tx_0009288,2025-06-16 10:32:14,MA,332.64,852,buy,NYSE
tx_0007374,2025-06-16 10:32:15,PG,138.44,984,sell,NYSE
tx_0005055,2025-06-16 10:32:16,KO,55.62,864,buy,NYSE
tx_0001246,2025-06-16 10:32:17,ADBE,610.12,488,buy,NASDAQ
tx_0002776,2025-06-16 10:32:23,FB,336.96,840,,NASDAQ
tx_0003157,2025-06-16 10:32:23,AAPL,147.11,514,buy,NASDAQ
tx_0007345,2025-06-16 10:32:24,V,226.97,245,sell,NYSE
tx_0006635,2025-06-16 10:32:24,V,226.11,839,buy,NYSE
tx_0003055,2025-06-16 10:32:28,NFLX,491.28,1000,buy,NASDAQ
tx_0000731,2025-06-16 10:32:29,PG,137.61,555,buy,NYSE
tx_0005573,2025-06-16 10:32:30,PEP,150.41,767,buy,NYSE
tx_0006061,2025-06-16 10:32:33,KO,55.4,319,sell,NYSE
tx_0009521,2025-06-16 10:32:33,JNJ,165.3,530,sell,NYSE
tx_0009716,2025-06-16 10:32:34,DIS,185.79,438,buy,NYSE
tx_0005118,2025-06-16 10:32:36,MSFT,300.52,214,buy,NASDAQ
tx_0007014,2025-06-16 10:32:36,NVDA,206.48,363,buy,NASDAQ
tx_0004016,2025-06-16 10:32:37,KO,55.31,124,sell,NYSE
tx_0006243,2025-06-16 10:32:39,NFLX,487.45,852,buy,NASDAQ
tx_0005951,2025-06-16 10:32:45,V,228.3,915,buy,NYSE
tx_0006317,2025-06-16 10:32:47,MA,333.48,576,buy,NYSE
tx_0008462,2025-06-16 10:32:51,TSLA,682.48,212,buy,NASDAQ
tx_0003098,2025-06-16 10:32:52,NVDA,206.36,541,buy,NASDAQ
tx_0004486,2025-06-16 10:32:54,AMZN,3577.23,723,sell,NASDAQ
tx_0009568,2025-06-16 10:32:55,JNJ,165.33,184,sell,NYSE
tx_0005551,2025-06-16 10:32:57,JNJ,163.97,478,buy,NYSE
tx_0007395,2025-06-16 10:32:57,WMT,136.95,715,sell,NYSE
tx_0007278,2025-06-16 10:32:59,NVDA,205.93,675,sell,NASDAQ
tx_0000716,2025-06-16 10:32:59,KO,55.11,857,sell,NYSE
tx_0004507,2025-06-16 10:33:02,MCD,247.11,976,sell,NYSE
tx_0003827,2025-06-16 10:33:05,NVDA,208.7,463,buy,NASDAQ
tx_0007780,2025-06-16 10:33:06,NFLX,487.47,852,buy,NASDAQ
tx_0008881,2025-06-16 10:33:07,WMT,136.78,191,buy,NYSE
tx_0005986,2025-06-16 10:33:08,AAPL,145.69,313,sell,NASDAQ
tx_0006004,2025-06-16 10:33:09,NVDA,208.59,977,buy,NASDAQ
tx_0002633,2025-06-16 10:33:15,FB,336.42,764,buy,NASDAQ
tx_0009252,2025-06-16 10:33:16,MSFT,298.21,982,buy,NASDAQ
tx_0009902,2025-06-16 10:33:16,JNJ,165.53,781,buy,NYSE
tx_0003663,2025-06-16 10:33:18,V,227.93,361,buy,NYSE
tx_0002004,2025-06-16 10:33:18,NFLX,492.29,490,buy,NASDAQ
tx_0005500,2025-06-16 10:33:21,KO,55.58,613,sell,NYSE
tx_0004539,2025-06-16 10:33:25,AAPL,146.67,287,buy,NASDAQ
tx_0003573,2025-06-16 10:33:25,NVDA,208.52,418,sell,NASDAQ
tx_0007385,2025-06-16 10:33:26,PEP,152.49,866,sell,NYSE
tx_0003013,2025-06-16 10:33:29,PYPL,242.36,639,buy,NASDAQ
tx_0006438,2025-06-16 10:33:39,KO,55.55,839,buy,NYSE
tx_0001156,2025-06-16 10:33:39,FB,339.13,507,sell,
tx_0004632,2025-06-16 10:33:42,V,225.93,889,sell,NYSE
tx_0008299,2025-06-16 10:33:43,GOOGL,2902.0,510,sell,NASDAQ
tx_0007154,2025-06-16 10:33:45,FB,339.4,305,sell,NASDAQ
tx_0002649,2025-06-16 10:33:50,PEP,153.52,582,buy,NYSE
tx_0006738,2025-06-16 10:34:01,ADBE,604.37,900,sell,NASDAQ
tx_0001148,2025-06-16 10:34:02,BRK.B,282.66,592,buy,NYSE
tx_0000542,2025-06-16 10:34:05,DIS,185.37,950,sell,NYSE
tx_0005721,2025-06-16 10:34:06,BRK.B,282.0,778,sell,NYSE
tx_0006972,2025-06-16 10:34:06,MA,333.84,195,buy,
tx_0004119,2025-06-16 10:34:08,KO,55.4,975,buy,NYSE
tx_0002907,2025-06-16 10:34:11,DIS,185.27,500,sell,NYSE
tx_0004623,2025-06-16 10:34:17,TSLA,680.72,335,sell,NASDAQ
tx_0007830,2025-06-16 10:34:17,BRK.B,281.89,269,sell,NYSE
tx_0000348,2025-06-16 10:34:18,PEP,,783,sell,NYSE
tx_0000063,2025-06-16 10:34:21,BRK.B,285.13,308,sell,NYSE
tx_0004940,2025-06-16 10:34:21,BRK.B,281.35,578,sell,NYSE
tx_0005964,2025-06-16 10:34:21,KO,55.96,896,sell,NYSE
tx_0008157,2025-06-16 10:34:22,V,224.79,227,sell,NYSE
tx_0003425,2025-06-16 10:34:23,KO,55.03,215,sell,NYSE
tx_0001447,2025-06-16 10:34:27,MCD,247.03,323,buy,
tx_0005210,2025-06-16 10:34:29,FB,338.65,112,buy,NASDAQ
tx_0008474,2025-06-16 10:34:34,ADBE,612.38,553,buy,NASDAQ
tx_0007561,2025-06-16 10:34:35,GOOGL,2900.42,578,sell,NASDAQ
tx_0005121,2025-06-16 10:34:38,PG,139.19,780,sell,
tx_0008397,2025-06-16 10:34:39,JNJ,,761,buy,NYSE
tx_0005792,2025-06-16 10:34:40,TSLA,680.54,459,buy,NASDAQ
tx_0000409,2025-06-16 10:34:45,PG,136.88,417,buy,NYSE
tx_0006436,2025-06-16 10:34:46,BRK.B,284.61,113,buy,NYSE
tx_0003448,2025-06-16 10:34:46,NFLX,485.11,394,buy,NASDAQ
tx_0004007,2025-06-16 10:34:49,DIS,183.62,672,,NYSE
tx_0000819,2025-06-16 10:34:52,GOOGL,2905.67,161,buy,NASDAQ
tx_0007635,2025-06-16 10:34:52,PEP,152.88,805,sell,NYSE
tx_0003249,2025-06-16 10:34:53,WMT,139.21,254,buy,NYSE
tx_0007547,2025-06-16 10:34:54,JNJ,164.03,159,buy,NYSE
tx_0006934,2025-06-16 10:34:55,JNJ,166.75,965,buy,NYSE
tx_0006587,2025-06-16 10:34:57,V,228.51,122,buy,NYSE
tx_0005713,2025-06-16 10:35:05,DIS,185.8,473,sell,NYSE
tx_0008560,2025-06-16 10:35:19,BRK.B,285.32,190,buy,NYSE
tx_0002218,2025-06-16 10:35:31,V,225.72,769,buy,NYSE
tx_0008931,2025-06-16 10:35:35,V,226.68,739,buy,NYSE
tx_0004950,2025-06-16 10:35:37,MSFT,296.55,975,sell,NASDAQ
tx_0002875,2025-06-16 10:35:39,PYPL,243.22,361,sell,NASDAQ
tx_0008318,2025-06-16 10:35:42,FB,334.94,304,buy,NASDAQ
tx_0001265,2025-06-16 10:35:51,AAPL,144.64,634,buy,NASDAQ
tx_0009945,2025-06-16 10:35:54,GOOGL,2928.15,741,sell,NASDAQ
tx_0003848,2025-06-16 10:36:02,MCD,247.04,529,buy,NYSE
tx_0008506,2025-06-16 10:36:04,NVDA,208.46,430,sell,NASDAQ
tx_0003997,2025-06-16 10:36:06,MA,334.82,804,buy,NYSE
tx_0009341,2025-06-16 10:36:07,NVDA,206.52,111,buy,NASDAQ
tx_0005098,2025-06-16 10:36:07,BRK.B,282.65,724,buy,NYSE
tx_0007271,2025-06-16 10:36:11,NFLX,483.94,143,buy,NASDAQ
tx_0007503,2025-06-16 10:36:11,WMT,139.37,671,buy,NYSE
tx_0000404,2025-06-16 10:36:18,ADBE,611.79,948,buy,NASDAQ
tx_0003874,2025-06-16 10:36:21,MA,336.86,855,sell,NYSE
tx_0001118,2025-06-16 10:36:21,NVDA,208.74,779,sell,NASDAQ
tx_0006981,2025-06-16 10:36:27,MA,335.83,688,sell,NYSE
tx_0009697,2025-06-16 10:36:31,V,227.92,786,sell,NYSE
tx_0005260,2025-06-16 10:36:32,BRK.B,285.03,320,buy,NYSE
tx_0001593,2025-06-16 10:36:34,PYPL,241.88,364,buy,NASDAQ
tx_0002819,2025-06-16 10:36:35,PYPL,242.08,899,sell,NASDAQ
tx_0007709,2025-06-16 10:36:36,BRK.B,285.21,368,buy,NYSE
tx_0005444,2025-06-16 10:36:36,MSFT,297.8,597,buy,NASDAQ
tx_0001335,2025-06-16 10:36:37,MA,332.52,863,buy,NYSE
tx_0003004,2025-06-16 10:36:37,NVDA,206.27,219,sell,NASDAQ
tx_0006384,2025-06-16 10:36:38,PYPL,245.3,275,sell,NASDAQ
tx_0000659,2025-06-16 10:36:41,PYPL,244.96,696,sell,NASDAQ
tx_0006788,2025-06-16 10:36:44,BRK.B,282.31,797,sell,NYSE
tx_0002424,2025-06-16 10:36:44,DIS,184.12,860,sell,NYSE
tx_0005328,2025-06-16 10:36:45,V,225.35,485,buy,NYSE
tx_0003638,2025-06-16 10:36:45,PEP,153.13,295,buy,NYSE
tx_0006030,2025-06-16 10:36:47,KO,56.65,966,sell,NYSE
tx_0004028,2025-06-16 10:36:51,TSLA,683.27,915,buy,NASDAQ
tx_0003365,2025-06-16 10:36:51,PEP,152.63,975,buy,NYSE
tx_0002245,2025-06-16 10:36:51,AAPL,145.14,474,buy,NASDAQ
tx_0005542,2025-06-16 10:36:52,FB,334.92,241,sell,NASDAQ
tx_0003164,2025-06-16 10:36:56,DIS,186.35,303,buy,NYSE
tx_0009896,2025-06-16 10:36:57,PG,136.91,195,buy,NYSE
tx_0004439,2025-06-16 10:37:02,MA,335.7,909,sell,NYSE
tx_0000880,2025-06-16 10:37:08,ADBE,613.99,520,buy,NASDAQ
tx_0003077,2025-06-16 10:37:08,AMZN,3539.68,879,buy,NASDAQ
tx_0000689,2025-06-16 10:37:10,V,226.63,739,sell,NYSE
tx_0005319,2025-06-16 10:37:11,MSFT,296.32,862,sell,NASDAQ
tx_0005889,2025-06-16 10:37:12,AMZN,3576.36,160,sell,NASDAQ
tx_0008608,2025-06-16 10:37:16,PEP,151.16,950,sell,NYSE
tx_0002031,2025-06-16 10:37:18,NVDA,208.33,902,buy,NASDAQ
tx_0000530,2025-06-16 10:37:19,V,228.79,539,buy,NYSE
tx_0009380,2025-06-16 10:37:31,GOOGL,2912.37,611,sell,NASDAQ
