transaction_id,timestamp,stock_symbol,price,quantity,order_type,exchange
tx_0008646,2025-06-11 09:30:01,AAPL,150.72,303.0,buy,NASDAQ
tx_0002697,2025-06-11 09:30:01,ADBE,597.43,913.0,sell,NASDAQ
tx_0008155,2025-06-11 09:30:01,NFLX,498.94,209.0,sell,NASDAQ
tx_0003387,2025-06-11 09:30:02,PG,139.0,193.0,buy,NYSE
tx_0005860,2025-06-11 09:30:03,V,220.8,726.0,buy,NYSE
tx_0005956,2025-06-11 09:30:05,PG,140.55,131.0,sell,NYSE
tx_0008355,2025-06-11 09:30:12,PYPL,248.45,280.0,buy,NASDAQ
tx_0001089,2025-06-11 09:30:12,BRK.B,279.42,695.0,sell,NYSE
tx_0007871,2025-06-11 09:30:15,PEP,150.02,673.0,sell,NYSE
tx_0006128,2025-06-11 09:30:16,GOOGL,2776.38,286.0,buy,NASDAQ
tx_0000021,2025-06-11 09:30:20,FB,330.19,315.0,buy,
tx_0002731,2025-06-11 09:30:22,ADBE,605.53,122.0,sell,NASDAQ
tx_0002252,2025-06-11 09:30:23,JNJ,168.51,343.0,buy,NYSE
tx_0006838,2025-06-11 09:30:24,PG,138.81,951.0,sell,NYSE
tx_0002372,2025-06-11 09:30:29,JNJ,168.51,432.0,buy,NYSE
tx_0004202,2025-06-11 09:30:29,MA,350.43,874.0,sell,NYSE
tx_0003637,2025-06-11 09:30:34,PYPL,251.44,218.0,buy,NASDAQ
tx_0005541,2025-06-11 09:30:42,PG,139.42,176.0,sell,NYSE
tx_0009570,2025-06-11 09:30:43,KO,55.2,315.0,buy,NYSE
tx_0008393,2025-06-11 09:30:43,V,219.38,101.0,buy,NYSE
tx_0003942,2025-06-11 09:30:44,MCD,247.93,28.0,buy,NYSE
tx_0003732,2025-06-11 09:30:46,KO,54.54,841.0,sell,NYSE
tx_0006957,2025-06-11 09:30:49,AMZN,3521.84,347.0,buy,NASDAQ
tx_0003629,2025-06-11 09:30:52,PG,140.37,941.0,buy,NYSE
tx_0001216,2025-06-11 09:30:52,PEP,148.85,268.0,sell,
tx_0006082,2025-06-11 09:30:54,PYPL,248.7,652.0,sell,NASDAQ
tx_0009884,2025-06-11 09:30:54,MA,345.11,918.0,sell,NYSE
tx_0001733,2025-06-11 09:30:55,GOOGL,2804.59,526.0,buy,
tx_0004999,2025-06-11 09:30:55,AAPL,150.71,894.0,buy,NASDAQ
tx_0002357,2025-06-11 09:31:04,AAPL,150.98,256.0,buy,NASDAQ
tx_0009392,2025-06-11 09:31:05,WMT,140.87,432.0,buy,NYSE
tx_0005945,2025-06-11 09:31:05,AAPL,150.06,540.0,sell,NASDAQ
tx_0002906,2025-06-11 09:31:07,KO,55.06,220.0,sell,NYSE
tx_0008645,2025-06-11 09:31:07,PG,138.23,690.0,buy,NYSE
tx_0003539,2025-06-11 09:31:08,FB,328.2,394.0,buy,NASDAQ
tx_0007403,2025-06-11 09:31:09,PEP,149.97,484.0,sell,NYSE
tx_0005368,2025-06-11 09:31:15,MCD,249.69,657.0,buy,NYSE
tx_0006645,2025-06-11 09:31:20,KO,,310.0,sell,NYSE
tx_0003029,2025-06-11 09:31:20,KO,55.11,66.0,sell,NYSE
tx_0007483,2025-06-11 09:31:21,DIS,180.85,37.0,buy,NYSE
tx_0001122,2025-06-11 09:31:22,PYPL,249.28,193.0,buy,NASDAQ
tx_0007695,2025-06-11 09:31:25,NFLX,500.55,704.0,buy,NASDAQ
tx_0001279,2025-06-11 09:31:27,V,219.63,648.0,sell,NYSE
tx_0005807,2025-06-11 09:31:28,JNJ,170.32,778.0,sell,NYSE
tx_0003587,2025-06-11 09:31:28,MA,346.03,268.0,buy,NYSE
tx_0000198,2025-06-11 09:31:28,DIS,178.26,804.0,buy,NYSE
tx_0008664,2025-06-11 09:31:28,AAPL,148.28,772.0,buy,NASDAQ
tx_0007185,2025-06-11 09:31:29,PYPL,251.65,895.0,buy,NASDAQ
tx_0003608,2025-06-11 09:31:29,PEP,149.06,415.0,buy,NYSE
tx_0005506,2025-06-11 09:31:30,NFLX,498.14,355.0,buy,NASDAQ
tx_0009037,2025-06-11 09:31:36,AAPL,148.61,579.0,sell,NASDAQ
tx_0007406,2025-06-11 09:31:37,MSFT,301.64,641.0,buy,NASDAQ
tx_0000969,2025-06-11 09:31:39,WMT,141.89,137.0,sell,NYSE
tx_0004685,2025-06-11 09:31:44,FB,332.22,593.0,sell,NASDAQ
tx_0000641,2025-06-11 09:31:44,WMT,141.15,276.0,buy,NYSE
tx_0003154,2025-06-11 09:31:45,PEP,149.7,61.0,buy,NYSE
tx_0004803,2025-06-11 09:31:47,V,218.64,611.0,buy,NYSE
tx_0007622,2025-06-11 09:31:47,MCD,249.24,543.0,sell,NYSE
tx_0005798,2025-06-11 09:31:48,PEP,151.84,103.0,buy,NYSE
tx_0007626,2025-06-11 09:31:51,MA,351.28,739.0,sell,NYSE
tx_0006626,2025-06-11 09:31:52,AAPL,149.48,180.0,buy,NASDAQ
tx_0009369,2025-06-11 09:31:54,MCD,249.77,376.0,buy,NYSE
tx_0007106,2025-06-11 09:31:56,FB,329.82,163.0,buy,NASDAQ
tx_0002430,2025-06-11 09:31:56,GOOGL,2766.35,699.0,sell,NASDAQ
tx_0001909,2025-06-11 09:32:00,ADBE,606.24,195.0,sell,NASDAQ
tx_0001320,2025-06-11 09:32:00,MCD,251.48,805.0,sell,NYSE
tx_0002733,2025-06-11 09:32:01,FB,331.22,471.0,sell,NASDAQ
tx_0006764,2025-06-11 09:32:05,NFLX,504.23,123.0,buy,NASDAQ
tx_0009035,2025-06-11 09:32:05,PG,140.13,983.0,sell,NYSE
tx_0002724,2025-06-11 09:32:11,FB,328.83,455.0,buy,NASDAQ
tx_0008999,2025-06-11 09:32:12,PG,139.96,81.0,buy,NYSE
tx_0007766,2025-06-11 09:32:16,MSFT,299.4,962.0,sell,NASDAQ
tx_0006704,2025-06-11 09:32:17,KO,54.42,109.0,sell,NYSE
tx_0004046,2025-06-11 09:32:20,ADBE,601.97,57.0,sell,NASDAQ
tx_0009452,2025-06-11 09:32:23,V,221.99,472.0,buy,NYSE
tx_0004798,2025-06-11 09:32:24,NVDA,199.75,811.0,buy,NASDAQ
tx_0006503,2025-06-11 09:32:25,FB,333.04,263.0,buy,NASDAQ
tx_0001389,2025-06-11 09:32:25,WMT,,529.0,sell,NYSE
tx_0005114,2025-06-11 09:32:25,GOOGL,2810.17,676.0,sell,NASDAQ
tx_0002290,2025-06-11 09:32:27,ADBE,603.78,923.0,buy,NASDAQ
tx_0005549,2025-06-11 09:32:29,TSLA,705.95,34.0,buy,NASDAQ
tx_0001042,2025-06-11 09:32:39,GOOGL,2833.3,46.0,sell,NASDAQ
tx_0008733,2025-06-11 09:32:41,MCD,248.53,207.0,sell,NYSE
tx_0003054,2025-06-11 09:32:44,PYPL,252.46,474.0,sell,NASDAQ
tx_0008744,2025-06-11 09:32:47,NVDA,200.83,857.0,buy,NASDAQ
tx_0004950,2025-06-11 09:32:48,DIS,180.04,735.0,sell,NYSE
tx_0003451,2025-06-11 09:32:58,MSFT,303.2,835.0,buy,NASDAQ
tx_0007000,2025-06-11 09:33:00,V,219.93,102.0,buy,NYSE
tx_0000886,2025-06-11 09:33:00,NFLX,497.04,765.0,buy,NASDAQ
tx_0009600,2025-06-11 09:33:02,MSFT,301.63,426.0,sell,NASDAQ
tx_0002437,2025-06-11 09:33:03,DIS,177.98,280.0,sell,NYSE
tx_0003060,2025-06-11 09:33:06,BRK.B,283.72,489.0,sell,NYSE
tx_0004179,2025-06-11 09:33:14,MCD,251.88,513.0,sell,NYSE
tx_0000655,2025-06-11 09:33:16,BRK.B,278.48,939.0,buy,NYSE
tx_0008803,2025-06-11 09:33:20,V,222.77,523.0,buy,NYSE
tx_0004406,2025-06-11 09:33:21,DIS,178.18,829.0,buy,NYSE
tx_0007277,2025-06-11 09:33:23,DIS,177.93,520.0,buy,NYSE
tx_0001838,2025-06-11 09:33:26,NVDA,201.45,473.0,sell,NASDAQ
tx_0006523,2025-06-11 09:33:27,PG,139.2,951.0,buy,NYSE
tx_0005422,2025-06-11 09:33:27,BRK.B,280.5,813.0,sell,NYSE
tx_0005291,2025-06-11 09:33:32,TSLA,706.06,325.0,,NASDAQ
tx_0001586,2025-06-11 09:33:41,JNJ,169.31,119.0,sell,NYSE
tx_0009033,2025-06-11 09:33:42,ADBE,598.87,572.0,sell,NASDAQ
tx_0002331,2025-06-11 09:33:44,AMZN,3478.72,612.0,sell,NASDAQ
tx_0009926,2025-06-11 09:33:46,KO,54.85,927.0,buy,NYSE
tx_0001422,2025-06-11 09:33:48,JNJ,,48.0,buy,NYSE
tx_0008631,2025-06-11 09:33:49,FB,328.11,388.0,sell,NASDAQ
tx_0004761,2025-06-11 09:33:53,TSLA,701.91,672.0,buy,NASDAQ
tx_0005187,2025-06-11 09:33:57,NVDA,198.29,996.0,buy,NASDAQ
tx_0009458,2025-06-11 09:34:05,FB,329.67,252.0,buy,NASDAQ
tx_0007318,2025-06-11 09:34:07,NVDA,199.22,819.0,sell,NASDAQ
tx_0007848,2025-06-11 09:34:07,TSLA,701.57,680.0,buy,NASDAQ
tx_0008036,2025-06-11 09:34:08,PYPL,249.81,216.0,buy,NASDAQ
tx_0005871,2025-06-11 09:34:08,MA,350.33,578.0,buy,NYSE
tx_0004323,2025-06-11 09:34:11,NFLX,503.24,204.0,sell,NASDAQ
tx_0002626,2025-06-11 09:34:17,MA,346.08,204.0,buy,NYSE
tx_0007702,2025-06-11 09:34:20,GOOGL,2781.15,839.0,buy,NASDAQ
tx_0007313,2025-06-11 09:34:20,PYPL,253.37,98.0,sell,NASDAQ
tx_0007018,2025-06-11 09:34:21,ADBE,593.85,550.0,buy,NASDAQ
tx_0006437,2025-06-11 09:34:23,BRK.B,281.68,841.0,buy,NYSE
tx_0003717,2025-06-11 09:34:23,PG,140.36,402.0,buy,NYSE
tx_0008176,2025-06-11 09:34:24,FB,334.02,288.0,sell,NASDAQ
tx_0006214,2025-06-11 09:34:24,JNJ,167.29,158.0,buy,NYSE
tx_0001913,2025-06-11 09:34:24,MCD,248.23,734.0,sell,NYSE
tx_0004580,2025-06-11 09:34:28,GOOGL,2807.62,932.0,buy,NASDAQ
tx_0005469,2025-06-11 09:34:29,DIS,178.98,70.0,sell,NYSE
tx_0005912,2025-06-11 09:34:30,GOOGL,2799.75,406.0,buy,NASDAQ
tx_0000096,2025-06-11 09:34:30,JNJ,168.56,380.0,buy,NYSE
tx_0008452,2025-06-11 09:34:31,FB,331.05,857.0,buy,NASDAQ
tx_0006597,2025-06-11 09:34:32,BRK.B,285.83,913.0,buy,NYSE
tx_0002951,2025-06-11 09:34:32,KO,55.04,415.0,buy,NYSE
tx_0006342,2025-06-11 09:34:34,PG,141.88,427.0,buy,NYSE
tx_0005351,2025-06-11 09:34:37,MSFT,298.33,325.0,buy,NASDAQ
tx_0009325,2025-06-11 09:34:41,BRK.B,283.8,913.0,sell,NYSE
tx_0000325,2025-06-11 09:34:43,V,219.57,583.0,buy,NYSE
tx_0009355,2025-06-11 09:34:47,V,222.93,371.0,sell,NYSE
tx_0009663,2025-06-11 09:34:51,JNJ,168.58,164.0,buy,NYSE
tx_0001085,2025-06-11 09:34:53,NFLX,498.89,539.0,buy,NASDAQ
tx_0009434,2025-06-11 09:34:53,GOOGL,2765.69,605.0,buy,NASDAQ
tx_0008229,2025-06-11 09:34:56,FB,330.9,335.0,sell,NASDAQ
tx_0006692,2025-06-11 09:34:57,PYPL,254.97,744.0,sell,NASDAQ
tx_0002645,2025-06-11 09:35:02,V,221.42,515.0,buy,NYSE
tx_0003285,2025-06-11 09:35:03,NVDA,199.99,187.0,sell,NASDAQ
tx_0001960,2025-06-11 09:35:04,NVDA,199.67,90.0,buy,NASDAQ
tx_0008903,2025-06-11 09:35:04,BRK.B,281.92,135.0,sell,NYSE
tx_0009398,2025-06-11 09:35:07,PYPL,250.18,988.0,buy,NASDAQ
tx_0006948,2025-06-11 09:35:08,FB,329.72,641.0,sell,NASDAQ
tx_0005513,2025-06-11 09:35:11,PEP,150.34,952.0,buy,NYSE
tx_0004584,2025-06-11 09:35:13,PEP,150.56,709.0,buy,NYSE
tx_0008984,2025-06-11 09:35:15,WMT,141.35,929.0,sell,NYSE
tx_0002725,2025-06-11 09:35:20,WMT,141.97,214.0,sell,NYSE
tx_0002696,2025-06-11 09:35:21,MCD,246.82,54.0,buy,NYSE
tx_0000662,2025-06-11 09:35:28,JNJ,166.5,961.0,sell,NYSE
tx_0009426,2025-06-11 09:35:30,TSLA,706.24,158.0,sell,NASDAQ
tx_0003714,2025-06-11 09:35:36,V,222.43,360.0,buy,NYSE
tx_0000255,2025-06-11 09:35:37,TSLA,701.86,666.0,sell,NASDAQ
tx_0008747,2025-06-11 09:35:38,NFLX,503.05,126.0,sell,NASDAQ
tx_0009789,2025-06-11 09:35:39,JNJ,166.55,593.0,sell,NYSE
tx_0004649,2025-06-11 09:35:40,MA,347.75,348.0,buy,NYSE
tx_0006811,2025-06-11 09:35:49,AAPL,152.07,742.0,sell,NASDAQ
tx_0004963,2025-06-11 09:35:50,MSFT,303.3,146.0,sell,NASDAQ
tx_0007486,2025-06-11 09:35:54,NFLX,500.89,475.0,buy,NASDAQ
tx_0003706,2025-06-11 09:35:54,PYPL,254.59,321.0,sell,NASDAQ
tx_0008353,2025-06-11 09:35:55,MCD,251.46,540.0,sell,NYSE
tx_0001589,2025-06-11 09:35:55,MSFT,300.91,396.0,sell,
tx_0002680,2025-06-11 09:35:55,FB,329.9,504.0,buy,NASDAQ
tx_0006603,2025-06-11 09:35:55,AAPL,149.86,692.0,sell,NASDAQ
tx_0004173,2025-06-11 09:35:56,FB,327.73,881.0,buy,NASDAQ
tx_0003564,2025-06-11 09:35:58,KO,54.67,479.0,sell,NYSE
tx_0009770,2025-06-11 09:36:00,MSFT,,744.0,buy,NASDAQ
tx_0004942,2025-06-11 09:36:01,NVDA,199.78,582.0,sell,NASDAQ
tx_0002786,2025-06-11 09:36:02,TSLA,703.56,520.0,buy,NASDAQ
tx_0003167,2025-06-11 09:36:03,TSLA,699.36,257.0,sell,NASDAQ
tx_0005924,2025-06-11 09:36:03,MA,346.82,529.0,,NYSE
tx_0009748,2025-06-11 09:36:06,TSLA,706.63,941.0,sell,NASDAQ
tx_0006185,2025-06-11 09:36:14,ADBE,604.95,700.0,buy,NASDAQ
tx_0007985,2025-06-11 09:36:16,PEP,151.19,575.0,sell,NYSE
tx_0007409,2025-06-11 09:36:17,DIS,177.9,222.0,buy,NYSE
tx_0007469,2025-06-11 09:36:21,WMT,140.5,491.0,sell,NYSE
tx_0003549,2025-06-11 09:36:25,AAPL,152.12,946.0,buy,NASDAQ
tx_0007878,2025-06-11 09:36:25,AAPL,151.07,556.0,sell,NASDAQ
tx_0004132,2025-06-11 09:36:27,ADBE,603.0,243.0,buy,NASDAQ
tx_0006456,2025-06-11 09:36:35,KO,54.5,99.0,sell,NYSE
tx_0004764,2025-06-11 09:36:37,ADBE,596.0,382.0,sell,NASDAQ
tx_0008446,2025-06-11 09:36:38,NVDA,200.21,248.0,buy,NASDAQ
tx_0006375,2025-06-11 09:36:40,FB,327.16,983.0,sell,NASDAQ
tx_0000429,2025-06-11 09:36:40,MCD,252.5,601.0,buy,NYSE
tx_0008820,2025-06-11 09:36:41,JNJ,167.75,454.0,buy,NYSE
tx_0006431,2025-06-11 09:36:45,NVDA,201.52,176.0,sell,NASDAQ
tx_0001658,2025-06-11 09:36:45,FB,332.5,387.0,sell,NASDAQ
tx_0003217,2025-06-11 09:36:46,MCD,249.11,310.0,buy,NYSE
tx_0002379,2025-06-11 09:36:46,DIS,176.96,613.0,sell,NYSE
tx_0007407,2025-06-11 09:36:49,AMZN,3476.82,491.0,sell,NASDAQ
tx_0008927,2025-06-11 09:36:50,PEP,149.61,845.0,sell,NYSE
tx_0006552,2025-06-11 09:36:54,MCD,252.65,381.0,sell,NYSE
tx_0006933,2025-06-11 09:36:54,WMT,141.67,588.0,buy,NYSE
tx_0003815,2025-06-11 09:36:55,V,221.75,388.0,buy,NYSE
tx_0000303,2025-06-11 09:36:56,JNJ,167.96,734.0,sell,NYSE
tx_0009593,2025-06-11 09:37:05,MSFT,300.85,358.0,sell,NASDAQ
tx_0008706,2025-06-11 09:37:06,AAPL,149.24,970.0,buy,NASDAQ
tx_0002782,2025-06-11 09:37:08,BRK.B,285.34,721.0,buy,NYSE
tx_0007266,2025-06-11 09:37:09,ADBE,595.34,404.0,buy,NASDAQ
tx_0002954,2025-06-11 09:37:09,ADBE,596.11,167.0,sell,NASDAQ
tx_0005556,2025-06-11 09:37:12,MSFT,302.88,762.0,buy,NASDAQ
tx_0008338,2025-06-11 09:37:14,JNJ,169.62,746.0,sell,NYSE
tx_0001349,2025-06-11 09:37:25,ADBE,595.26,356.0,buy,NASDAQ
tx_0003885,2025-06-11 09:37:26,NFLX,499.5,538.0,sell,NASDAQ
tx_0005389,2025-06-11 09:37:26,MCD,248.67,947.0,buy,NYSE
tx_0005748,2025-06-11 09:37:28,MSFT,303.93,130.0,sell,NASDAQ
tx_0002339,2025-06-11 09:37:29,BRK.B,281.62,72.0,buy,NYSE
tx_0005486,2025-06-11 09:37:29,MCD,252.36,388.0,buy,NYSE
tx_0006744,2025-06-11 09:37:29,PYPL,250.21,300.0,sell,NASDAQ
tx_0008731,2025-06-11 09:37:32,NFLX,508.39,748.0,sell,NASDAQ
tx_0002082,2025-06-11 09:37:32,WMT,140.39,392.0,buy,NYSE
tx_0003809,2025-06-11 09:37:38,ADBE,603.1,367.0,sell,NASDAQ
tx_0003104,2025-06-11 09:37:42,AAPL,149.79,549.0,sell,NASDAQ
tx_0008779,2025-06-11 09:37:44,NFLX,503.99,477.0,sell,NASDAQ
tx_0003262,2025-06-11 09:37:47,PYPL,253.18,834.0,sell,NASDAQ
tx_0007316,2025-06-11 09:37:53,BRK.B,285.42,492.0,sell,NYSE
tx_0002505,2025-06-11 09:37:55,AMZN,3487.68,102.0,sell,NASDAQ
tx_0000912,2025-06-11 09:37:56,WMT,142.19,984.0,buy,NYSE
tx_0007367,2025-06-11 09:37:58,AAPL,151.36,883.0,sell,NASDAQ
tx_0008633,2025-06-11 09:37:59,AAPL,148.89,118.0,sell,NASDAQ
tx_0008773,2025-06-11 09:38:01,JNJ,168.27,134.0,buy,NYSE
tx_0004431,2025-06-11 09:38:04,NVDA,198.51,694.0,sell,NASDAQ
tx_0000275,2025-06-11 09:38:06,PYPL,253.84,126.0,buy,NASDAQ
tx_0006096,2025-06-11 09:38:07,PEP,151.59,830.0,sell,NYSE
tx_0003381,2025-06-11 09:38:08,PYPL,255.01,344.0,sell,NASDAQ
tx_0000803,2025-06-11 09:38:10,MA,346.71,94.0,sell,NYSE
tx_0007937,2025-06-11 09:38:11,TSLA,701.75,142.0,sell,NASDAQ
tx_0009732,2025-06-11 09:38:13,PG,143.33,600.0,sell,NYSE
tx_0005720,2025-06-11 09:38:19,ADBE,604.06,633.0,buy,NASDAQ
tx_0003090,2025-06-11 09:38:20,MSFT,298.24,865.0,buy,NASDAQ
tx_0003554,2025-06-11 09:38:20,ADBE,596.9,996.0,buy,NASDAQ
tx_0001719,2025-06-11 09:38:23,JNJ,167.55,65.0,buy,NYSE
tx_0000493,2025-06-11 09:38:24,NFLX,507.94,26.0,sell,NASDAQ
tx_0008922,2025-06-11 09:38:32,PYPL,250.44,12.0,buy,NASDAQ
tx_0002042,2025-06-11 09:38:33,AAPL,150.25,604.0,sell,NASDAQ
tx_0005372,2025-06-11 09:38:34,KO,54.91,880.0,buy,NYSE
tx_0004305,2025-06-11 09:38:35,TSLA,711.26,541.0,buy,NASDAQ
tx_0000602,2025-06-11 09:38:36,PG,141.53,561.0,buy,NYSE
tx_0001510,2025-06-11 09:38:37,MA,345.57,759.0,sell,NYSE
tx_0000413,2025-06-11 09:38:40,FB,332.38,324.0,sell,NASDAQ
tx_0000045,2025-06-11 09:38:43,V,224.79,444.0,buy,NYSE
tx_0000340,2025-06-11 09:38:44,ADBE,599.95,569.0,buy,NASDAQ
tx_0000462,2025-06-11 09:38:47,PG,144.14,556.0,buy,NYSE
tx_0009562,2025-06-11 09:38:47,TSLA,703.27,613.0,,NASDAQ
tx_0005823,2025-06-11 09:38:49,PG,142.76,978.0,sell,NYSE
tx_0008053,2025-06-11 09:38:54,MA,345.35,837.0,sell,NYSE
tx_0005335,2025-06-11 09:38:56,NFLX,510.74,864.0,buy,NASDAQ
tx_0004222,2025-06-11 09:39:06,MCD,250.22,998.0,sell,NYSE
tx_0006311,2025-06-11 09:39:08,NFLX,503.85,500.0,sell,NASDAQ
tx_0009261,2025-06-11 09:39:14,NVDA,199.05,65.0,buy,NASDAQ
tx_0000622,2025-06-11 09:39:14,FB,332.14,322.0,sell,NASDAQ
tx_0001386,2025-06-11 09:39:14,MCD,251.36,575.0,sell,NYSE
tx_0004299,2025-06-11 09:39:18,KO,54.59,289.0,buy,NYSE
tx_0008294,2025-06-11 09:39:18,AAPL,149.29,947.0,buy,NASDAQ
tx_0001391,2025-06-11 09:39:19,ADBE,596.39,563.0,sell,NASDAQ
tx_0002414,2025-06-11 09:39:23,FB,328.05,370.0,buy,NASDAQ
tx_0004861,2025-06-11 09:39:23,BRK.B,281.96,556.0,buy,NYSE
tx_0006310,2025-06-11 09:39:24,AAPL,148.91,347.0,buy,NASDAQ
tx_0004494,2025-06-11 09:39:25,JNJ,169.07,353.0,buy,NYSE
tx_0004839,2025-06-11 09:39:26,PYPL,254.39,24.0,sell,NASDAQ
tx_0008001,2025-06-11 09:39:26,WMT,142.12,281.0,sell,NYSE
tx_0002716,2025-06-11 09:39:28,AMZN,3498.06,628.0,buy,NASDAQ
tx_0002363,2025-06-11 09:39:29,AMZN,3504.75,27.0,buy,NASDAQ
tx_0005999,2025-06-11 09:39:30,PEP,152.95,640.0,sell,NYSE
tx_0007062,2025-06-11 09:39:34,NVDA,198.88,902.0,buy,NASDAQ
tx_0008041,2025-06-11 09:39:35,MA,350.03,917.0,buy,NYSE
tx_0007740,2025-06-11 09:39:42,PYPL,252.95,837.0,buy,NASDAQ
tx_0004995,2025-06-11 09:39:47,FB,334.34,205.0,buy,NASDAQ
tx_0007525,2025-06-11 09:39:50,MSFT,300.93,596.0,buy,NASDAQ
tx_0004611,2025-06-11 09:39:56,KO,55.41,834.0,sell,NYSE
tx_0004101,2025-06-11 09:39:57,JNJ,168.29,419.0,buy,NYSE
tx_0005428,2025-06-11 09:39:59,AAPL,148.47,661.0,sell,NASDAQ
tx_0004739,2025-06-11 09:39:59,NFLX,506.2,213.0,sell,NASDAQ
tx_0006331,2025-06-11 09:40:00,WMT,141.16,1.0,sell,NYSE
tx_0005569,2025-06-11 09:40:02,ADBE,598.63,513.0,sell,NASDAQ
tx_0008268,2025-06-11 09:40:03,WMT,142.75,807.0,buy,NYSE
tx_0001765,2025-06-11 09:40:07,WMT,143.02,539.0,sell,NYSE
tx_0008480,2025-06-11 09:40:11,GOOGL,2753.07,819.0,buy,NASDAQ
tx_0004291,2025-06-11 09:40:17,GOOGL,2788.97,629.0,buy,NASDAQ
tx_0001413,2025-06-11 09:40:18,ADBE,601.28,106.0,sell,NASDAQ
tx_0003787,2025-06-11 09:40:18,ADBE,599.38,427.0,buy,NASDAQ
tx_0003786,2025-06-11 09:40:22,V,220.31,137.0,sell,NYSE
tx_0000254,2025-06-11 09:40:32,ADBE,607.33,536.0,buy,NASDAQ
tx_0009897,2025-06-11 09:40:34,ADBE,602.52,28.0,buy,NASDAQ
tx_0008435,2025-06-11 09:40:35,FB,334.21,571.0,sell,NASDAQ
tx_0007465,2025-06-11 09:40:35,FB,331.45,856.0,buy,NASDAQ
tx_0003421,2025-06-11 09:40:36,MCD,251.01,28.0,sell,NYSE
tx_0001408,2025-06-11 09:40:36,PEP,151.68,73.0,buy,NYSE
tx_0005416,2025-06-11 09:40:37,PEP,152.84,721.0,buy,NYSE
tx_0009393,2025-06-11 09:40:37,JNJ,168.88,404.0,sell,NYSE
tx_0003820,2025-06-11 09:40:37,MCD,252.15,52.0,sell,NYSE
tx_0002941,2025-06-11 09:40:37,GOOGL,2745.51,,sell,NASDAQ
tx_0001539,2025-06-11 09:40:39,MSFT,303.78,433.0,buy,NASDAQ
tx_0004668,2025-06-11 09:40:41,JNJ,168.6,70.0,sell,NYSE
tx_0009150,2025-06-11 09:40:46,FB,331.89,106.0,sell,NASDAQ
tx_0001742,2025-06-11 09:40:47,NVDA,199.23,478.0,sell,NASDAQ
tx_0006435,2025-06-11 09:40:47,FB,330.61,986.0,sell,NASDAQ
tx_0006602,2025-06-11 09:40:48,MA,351.1,688.0,buy,NYSE
tx_0009830,2025-06-11 09:40:49,PG,141.73,532.0,buy,NYSE
tx_0002179,2025-06-11 09:40:52,V,220.78,284.0,sell,NYSE
tx_0005686,2025-06-11 09:40:55,KO,55.08,919.0,buy,NYSE
tx_0001758,2025-06-11 09:40:59,NFLX,509.34,863.0,buy,NASDAQ
tx_0009184,2025-06-11 09:41:04,PG,143.17,778.0,sell,NYSE
tx_0005341,2025-06-11 09:41:07,MA,348.63,208.0,sell,NYSE
tx_0000633,2025-06-11 09:41:08,PG,142.77,231.0,sell,NYSE
tx_0007199,2025-06-11 09:41:10,KO,55.03,242.0,sell,NYSE
tx_0009594,2025-06-11 09:41:10,PG,141.5,892.0,buy,NYSE
tx_0003004,2025-06-11 09:41:11,NFLX,503.85,254.0,buy,NASDAQ
tx_0002797,2025-06-11 09:41:20,WMT,141.57,612.0,buy,NYSE
tx_0002749,2025-06-11 09:41:22,AAPL,147.31,308.0,sell,NASDAQ
tx_0005139,2025-06-11 09:41:22,WMT,139.87,283.0,sell,NYSE
tx_0002214,2025-06-11 09:41:25,MSFT,303.37,147.0,buy,NASDAQ
tx_0005890,2025-06-11 09:41:25,AMZN,3503.38,391.0,buy,NASDAQ
tx_0009660,2025-06-11 09:41:27,NVDA,198.16,317.0,sell,NASDAQ
tx_0001225,2025-06-11 09:41:32,WMT,139.87,236.0,sell,NYSE
tx_0006787,2025-06-11 09:41:33,TSLA,703.59,512.0,sell,NASDAQ
tx_0009521,2025-06-11 09:41:33,PEP,152.02,799.0,buy,NYSE
tx_0003997,2025-06-11 09:41:34,ADBE,600.26,443.0,sell,NASDAQ
tx_0006131,2025-06-11 09:41:34,PEP,150.59,245.0,buy,NYSE
tx_0007026,2025-06-11 09:41:35,ADBE,601.29,694.0,buy,NASDAQ
tx_0009642,2025-06-11 09:41:35,ADBE,599.73,360.0,sell,NASDAQ
tx_0008775,2025-06-11 09:41:38,DIS,177.27,368.0,buy,NYSE
tx_0003911,2025-06-11 09:41:38,AMZN,3530.43,900.0,sell,NASDAQ
tx_0005626,2025-06-11 09:41:45,MSFT,301.96,758.0,buy,NASDAQ
tx_0005148,2025-06-11 09:41:45,DIS,177.49,602.0,sell,NYSE
tx_0004461,2025-06-11 09:41:45,MA,348.69,239.0,sell,NYSE
tx_0005104,2025-06-11 09:41:46,FB,328.12,827.0,buy,NASDAQ
tx_0008886,2025-06-11 09:41:48,MSFT,304.01,309.0,buy,NASDAQ
tx_0008154,2025-06-11 09:41:55,GOOGL,2795.9,572.0,buy,NASDAQ
tx_0000791,2025-06-11 09:41:57,TSLA,699.4,10.0,buy,NASDAQ
tx_0009256,2025-06-11 09:41:59,V,220.38,890.0,sell,NYSE
tx_0000951,2025-06-11 09:42:02,V,220.28,756.0,buy,NYSE
tx_0000075,2025-06-11 09:42:03,WMT,139.73,512.0,sell,NYSE
tx_0002255,2025-06-11 09:42:04,AMZN,3480.83,731.0,buy,NASDAQ
tx_0005742,2025-06-11 09:42:06,DIS,175.43,636.0,sell,NYSE
tx_0009813,2025-06-11 09:42:07,FB,333.05,29.0,sell,NASDAQ
tx_0001156,2025-06-11 09:42:09,MSFT,301.36,532.0,sell,NASDAQ
tx_0005689,2025-06-11 09:42:10,JNJ,168.42,800.0,buy,NYSE
tx_0001316,2025-06-11 09:42:11,BRK.B,281.43,377.0,sell,NYSE
tx_0001126,2025-06-11 09:42:16,PYPL,252.7,175.0,buy,NASDAQ
tx_0004881,2025-06-11 09:42:18,AAPL,147.16,430.0,buy,NASDAQ
tx_0007757,2025-06-11 09:42:19,PG,141.23,656.0,buy,NYSE
tx_0006424,2025-06-11 09:42:19,PG,143.44,424.0,buy,NYSE
tx_0007688,2025-06-11 09:42:19,AAPL,,478.0,sell,NASDAQ
tx_0004853,2025-06-11 09:42:20,ADBE,607.0,909.0,buy,NASDAQ
tx_0004836,2025-06-11 09:42:23,NFLX,512.78,911.0,buy,NASDAQ
tx_0008793,2025-06-11 09:42:24,DIS,177.7,961.0,sell,NYSE
tx_0000447,2025-06-11 09:42:24,JNJ,167.7,703.0,sell,NYSE
tx_0000677,2025-06-11 09:42:29,ADBE,597.17,979.0,sell,NASDAQ
tx_0003278,2025-06-11 09:42:31,AAPL,148.57,229.0,sell,NASDAQ
tx_0007163,2025-06-11 09:42:34,DIS,175.73,693.0,sell,NYSE
tx_0007904,2025-06-11 09:42:34,TSLA,697.59,9.0,sell,NASDAQ
tx_0004897,2025-06-11 09:42:36,GOOGL,2777.1,700.0,sell,NASDAQ
tx_0007035,2025-06-11 09:42:38,NVDA,197.26,400.0,buy,NASDAQ
tx_0008754,2025-06-11 09:42:38,MA,346.33,189.0,buy,NYSE
tx_0004240,2025-06-11 09:42:40,TSLA,704.06,160.0,sell,
tx_0002090,2025-06-11 09:42:44,BRK.B,283.71,950.0,buy,
tx_0009229,2025-06-11 09:42:48,PYPL,255.44,283.0,buy,NASDAQ
tx_0004167,2025-06-11 09:42:48,GOOGL,2745.45,974.0,buy,NASDAQ
tx_0009983,2025-06-11 09:43:08,PG,141.97,762.0,buy,NYSE
tx_0003477,2025-06-11 09:43:25,FB,333.18,641.0,buy,NASDAQ
tx_0003120,2025-06-11 09:43:29,KO,55.74,600.0,buy,NYSE
tx_0001694,2025-06-11 09:43:31,MSFT,304.22,205.0,buy,NASDAQ
tx_0000698,2025-06-11 09:43:35,PG,143.51,30.0,sell,NYSE
tx_0007294,2025-06-11 09:43:35,JNJ,168.51,648.0,sell,NYSE
tx_0008566,2025-06-11 09:43:37,ADBE,598.71,492.0,buy,NASDAQ
tx_0002410,2025-06-11 09:43:40,ADBE,606.97,440.0,buy,NASDAQ
tx_0001343,2025-06-11 09:43:42,NVDA,196.36,144.0,sell,NASDAQ
tx_0002022,2025-06-11 09:43:42,WMT,139.41,311.0,buy,NYSE
tx_0003280,2025-06-11 09:43:46,TSLA,697.63,961.0,buy,NASDAQ
tx_0003707,2025-06-11 09:43:47,JNJ,167.15,782.0,sell,NYSE
tx_0003522,2025-06-11 09:43:49,MA,348.22,627.0,sell,NYSE
tx_0006382,2025-06-11 09:43:49,DIS,175.42,943.0,buy,NYSE
tx_0005053,2025-06-11 09:43:53,V,222.82,775.0,buy,NYSE
tx_0004971,2025-06-11 09:43:53,FB,332.66,151.0,sell,NASDAQ
tx_0001807,2025-06-11 09:43:53,AMZN,3480.01,570.0,sell,NASDAQ
tx_0002670,2025-06-11 09:43:54,AMZN,3475.92,176.0,sell,NASDAQ
tx_0003669,2025-06-11 09:43:56,PG,143.51,86.0,sell,NYSE
tx_0002337,2025-06-11 09:43:56,PYPL,254.81,949.0,sell,NASDAQ
tx_0002105,2025-06-11 09:43:58,KO,55.3,89.0,sell,NYSE
tx_0007044,2025-06-11 09:44:00,MA,347.93,222.0,buy,NYSE
tx_0006571,2025-06-11 09:44:02,DIS,177.31,618.0,buy,NYSE
tx_0006903,2025-06-11 09:44:02,NFLX,499.95,937.0,buy,NASDAQ
tx_0008160,2025-06-11 09:44:03,MA,345.83,459.0,buy,NYSE
tx_0008351,2025-06-11 09:44:03,BRK.B,287.01,789.0,buy,NYSE
tx_0008317,2025-06-11 09:44:05,PG,143.48,655.0,buy,NYSE
tx_0009781,2025-06-11 09:44:09,PG,142.23,765.0,sell,NYSE
tx_0009233,2025-06-11 09:44:09,MSFT,305.19,362.0,buy,NASDAQ
tx_0000920,2025-06-11 09:44:12,V,223.81,776.0,sell,NYSE
tx_0003783,2025-06-11 09:44:17,BRK.B,282.68,182.0,sell,NYSE
tx_0009690,2025-06-11 09:44:19,FB,332.4,716.0,buy,NASDAQ
tx_0007023,2025-06-11 09:44:20,PYPL,257.28,994.0,sell,NASDAQ
tx_0005105,2025-06-11 09:44:29,PYPL,255.31,685.0,buy,NASDAQ
tx_0005796,2025-06-11 09:44:32,BRK.B,284.1,633.0,buy,NYSE
tx_0007932,2025-06-11 09:44:36,MA,345.64,249.0,buy,NYSE
tx_0005135,2025-06-11 09:44:39,AMZN,3445.46,933.0,sell,NASDAQ
tx_0009706,2025-06-11 09:44:42,NVDA,195.96,998.0,buy,NASDAQ
tx_0004794,2025-06-11 09:44:42,TSLA,701.15,367.0,buy,NASDAQ
tx_0004973,2025-06-11 09:44:43,WMT,141.3,375.0,sell,NYSE
tx_0001711,2025-06-11 09:44:45,PYPL,254.39,290.0,,NASDAQ
tx_0007708,2025-06-11 09:44:47,FB,332.11,263.0,sell,NASDAQ
tx_0009469,2025-06-11 09:44:47,GOOGL,2738.17,82.0,buy,NASDAQ
tx_0003484,2025-06-11 09:44:49,JNJ,169.48,539.0,buy,NYSE
tx_0003328,2025-06-11 09:44:49,AAPL,150.14,835.0,sell,NASDAQ
tx_0007068,2025-06-11 09:44:55,AMZN,3495.27,518.0,buy,NASDAQ
tx_0009808,2025-06-11 09:44:57,DIS,175.12,328.0,sell,NYSE
tx_0009805,2025-06-11 09:44:58,GOOGL,2737.8,804.0,sell,NASDAQ
tx_0003920,2025-06-11 09:45:00,MA,348.19,692.0,buy,NYSE
tx_0007053,2025-06-11 09:45:03,MSFT,302.1,446.0,buy,NASDAQ
tx_0003612,2025-06-11 09:45:03,DIS,175.91,,sell,NYSE
tx_0009021,2025-06-11 09:45:04,PYPL,254.57,392.0,sell,NASDAQ
tx_0004571,2025-06-11 09:45:06,NVDA,199.13,259.0,sell,NASDAQ
tx_0004020,2025-06-11 09:45:07,MA,345.6,459.0,sell,NYSE
tx_0009204,2025-06-11 09:45:10,TSLA,712.34,993.0,buy,NASDAQ
tx_0007382,2025-06-11 09:45:13,MCD,247.85,27.0,sell,NYSE
tx_0001660,2025-06-11 09:45:14,AAPL,148.31,171.0,buy,NASDAQ
tx_0002083,2025-06-11 09:45:17,NFLX,499.46,774.0,,NASDAQ
tx_0005084,2025-06-11 09:45:24,AAPL,149.18,707.0,sell,NASDAQ
tx_0006652,2025-06-11 09:45:30,WMT,139.43,286.0,buy,NYSE
tx_0006184,2025-06-11 09:45:30,V,224.04,506.0,buy,NYSE
tx_0005360,2025-06-11 09:45:33,MA,347.16,731.0,sell,NYSE
tx_0005696,2025-06-11 09:45:35,PYPL,255.3,534.0,sell,NASDAQ
tx_0000376,2025-06-11 09:45:36,NVDA,199.19,133.0,buy,NASDAQ
tx_0006213,2025-06-11 09:45:43,AAPL,148.62,941.0,buy,
tx_0004429,2025-06-11 09:45:45,NFLX,500.55,588.0,buy,
tx_0008858,2025-06-11 09:45:49,BRK.B,282.3,311.0,buy,NYSE
tx_0005820,2025-06-11 09:45:49,JNJ,171.45,211.0,sell,NYSE
tx_0001412,2025-06-11 09:45:51,V,223.52,37.0,buy,NYSE
tx_0001463,2025-06-11 09:45:52,ADBE,599.66,477.0,buy,NASDAQ
tx_0006548,2025-06-11 09:45:52,BRK.B,285.63,782.0,sell,NYSE
tx_0002445,2025-06-11 09:45:56,DIS,175.44,131.0,buy,NYSE
tx_0000094,2025-06-11 09:46:01,KO,55.05,739.0,sell,NYSE
tx_0009110,2025-06-11 09:46:01,V,220.96,139.0,buy,NYSE
tx_0002183,2025-06-11 09:46:05,WMT,139.67,43.0,buy,NYSE
tx_0000261,2025-06-11 09:46:05,MA,350.95,716.0,sell,NYSE
tx_0000813,2025-06-11 09:46:10,GOOGL,2758.94,575.0,buy,NASDAQ
tx_0006670,2025-06-11 09:46:11,PYPL,257.1,725.0,buy,NASDAQ
tx_0006334,2025-06-11 09:46:14,PEP,153.09,354.0,sell,NYSE
tx_0000938,2025-06-11 09:46:15,BRK.B,282.08,104.0,sell,NYSE
tx_0008239,2025-06-11 09:46:17,NFLX,509.66,706.0,sell,NASDAQ
tx_0008035,2025-06-11 09:46:18,AMZN,3441.02,243.0,sell,NASDAQ
tx_0006925,2025-06-11 09:46:18,PEP,150.49,5.0,buy,NYSE
tx_0009329,2025-06-11 09:46:21,AAPL,150.34,781.0,sell,NASDAQ
tx_0005131,2025-06-11 09:46:22,V,221.29,848.0,sell,NYSE
tx_0001314,2025-06-11 09:46:24,NVDA,197.79,836.0,sell,NASDAQ
tx_0001217,2025-06-11 09:46:28,PYPL,257.11,660.0,buy,NASDAQ
tx_0009359,2025-06-11 09:46:31,PG,142.78,407.0,sell,NYSE
tx_0005586,2025-06-11 09:46:33,BRK.B,285.52,338.0,buy,NYSE
tx_0001625,2025-06-11 09:46:33,V,220.92,706.0,sell,NYSE
tx_0004705,2025-06-11 09:46:34,GOOGL,2781.96,914.0,buy,NASDAQ
tx_0006976,2025-06-11 09:46:38,PG,141.1,763.0,sell,NYSE
tx_0004975,2025-06-11 09:46:44,PG,142.22,16.0,sell,NYSE
tx_0005995,2025-06-11 09:46:51,PEP,150.72,79.0,sell,NYSE
tx_0009518,2025-06-11 09:46:52,DIS,175.7,744.0,sell,NYSE
tx_0009529,2025-06-11 09:46:53,MCD,249.42,896.0,sell,NYSE
tx_0005766,2025-06-11 09:46:55,DIS,174.54,529.0,sell,NYSE
tx_0000678,2025-06-11 09:46:56,WMT,139.94,853.0,buy,NYSE
tx_0002162,2025-06-11 09:46:59,PEP,153.41,571.0,buy,NYSE
tx_0006348,2025-06-11 09:47:00,AAPL,147.77,760.0,buy,NASDAQ
tx_0006521,2025-06-11 09:47:01,JNJ,170.46,223.0,sell,NYSE
tx_0001365,2025-06-11 09:47:01,PG,142.51,722.0,sell,NYSE
tx_0005109,2025-06-11 09:47:05,PEP,151.08,263.0,sell,NYSE
tx_0003212,2025-06-11 09:47:05,PG,141.98,597.0,buy,NYSE
tx_0007910,2025-06-11 09:47:05,PYPL,253.89,536.0,buy,NASDAQ
tx_0004862,2025-06-11 09:47:15,ADBE,604.02,622.0,sell,NASDAQ
tx_0007805,2025-06-11 09:47:17,AMZN,3494.62,751.0,buy,NASDAQ
tx_0003194,2025-06-11 09:47:22,MSFT,300.68,916.0,buy,NASDAQ
tx_0007840,2025-06-11 09:47:23,BRK.B,284.97,356.0,buy,NYSE
tx_0000484,2025-06-11 09:47:24,TSLA,707.99,156.0,buy,NASDAQ
tx_0002930,2025-06-11 09:47:27,PG,143.42,750.0,buy,NYSE
tx_0004706,2025-06-11 09:47:31,PYPL,256.04,173.0,buy,NASDAQ
tx_0006776,2025-06-11 09:47:31,BRK.B,282.18,714.0,buy,NYSE
tx_0008637,2025-06-11 09:47:31,PG,143.57,716.0,buy,NYSE
tx_0007665,2025-06-11 09:47:36,BRK.B,283.65,239.0,sell,NYSE
tx_0008382,2025-06-11 09:47:45,V,224.41,834.0,sell,NYSE
tx_0003838,2025-06-11 09:47:45,PYPL,252.9,284.0,buy,NASDAQ
tx_0004259,2025-06-11 09:47:49,AAPL,148.88,293.0,buy,
tx_0008336,2025-06-11 09:47:51,AMZN,3441.33,228.0,sell,NASDAQ
tx_0009122,2025-06-11 09:47:53,NFLX,504.19,312.0,sell,NASDAQ
tx_0007539,2025-06-11 09:47:53,WMT,139.92,206.0,buy,NYSE
tx_0009725,2025-06-11 09:47:53,FB,331.79,760.0,buy,NASDAQ
tx_0008730,2025-06-11 09:48:00,FB,328.58,20.0,sell,NASDAQ
tx_0009614,2025-06-11 09:48:00,PG,143.89,4.0,buy,NYSE
tx_0007727,2025-06-11 09:48:03,KO,54.77,918.0,sell,NYSE
tx_0002691,2025-06-11 09:48:04,MA,347.78,378.0,buy,NYSE
tx_0009091,2025-06-11 09:48:05,PEP,153.42,25.0,buy,NYSE
tx_0006932,2025-06-11 09:48:06,WMT,137.75,780.0,sell,NYSE
tx_0008211,2025-06-11 09:48:06,DIS,174.88,316.0,buy,NYSE
tx_0009887,2025-06-11 09:48:06,TSLA,703.27,477.0,buy,NASDAQ
tx_0004051,2025-06-11 09:48:09,ADBE,600.57,864.0,buy,NASDAQ
tx_0005840,2025-06-11 09:48:10,MA,345.13,373.0,sell,
tx_0004876,2025-06-11 09:48:11,AAPL,149.46,882.0,sell,NASDAQ
tx_0008242,2025-06-11 09:48:12,MSFT,305.26,109.0,buy,NASDAQ
tx_0000337,2025-06-11 09:48:15,FB,328.95,425.0,sell,NASDAQ
tx_0008102,2025-06-11 09:48:19,MSFT,304.31,190.0,buy,NASDAQ
tx_0009493,2025-06-11 09:48:21,BRK.B,286.91,246.0,sell,NYSE
tx_0008553,2025-06-11 09:48:26,FB,332.62,947.0,sell,NASDAQ
tx_0007774,2025-06-11 09:48:28,TSLA,705.52,280.0,sell,NASDAQ
tx_0001445,2025-06-11 09:48:28,MSFT,304.22,584.0,buy,NASDAQ
tx_0000276,2025-06-11 09:48:33,PEP,153.2,450.0,buy,NYSE
tx_0004321,2025-06-11 09:48:35,AAPL,150.27,720.0,sell,NASDAQ
tx_0000018,2025-06-11 09:48:37,V,224.22,307.0,buy,NYSE
tx_0008989,2025-06-11 09:48:38,GOOGL,2726.72,861.0,buy,NASDAQ
tx_0007214,2025-06-11 09:48:40,GOOGL,2772.95,72.0,buy,NASDAQ
tx_0009190,2025-06-11 09:48:47,AMZN,3440.39,813.0,sell,NASDAQ
tx_0009205,2025-06-11 09:48:48,PEP,152.1,218.0,sell,NYSE
tx_0006242,2025-06-11 09:48:49,V,219.93,674.0,buy,NYSE
tx_0002482,2025-06-11 09:48:50,BRK.B,287.01,318.0,sell,NYSE
tx_0002097,2025-06-11 09:48:53,JNJ,171.47,398.0,sell,NYSE
tx_0007042,2025-06-11 09:48:54,MCD,249.16,479.0,sell,NYSE
tx_0005719,2025-06-11 09:48:55,FB,333.16,530.0,buy,NASDAQ
tx_0005892,2025-06-11 09:48:57,V,220.79,467.0,sell,NYSE
tx_0006640,2025-06-11 09:48:57,MA,343.7,58.0,sell,NYSE
tx_0008715,2025-06-11 09:48:58,WMT,140.37,285.0,sell,NYSE
tx_0007105,2025-06-11 09:48:58,JNJ,170.22,798.0,buy,NYSE
tx_0006796,2025-06-11 09:49:02,NVDA,196.55,693.0,buy,NASDAQ
tx_0004727,2025-06-11 09:49:03,WMT,140.94,339.0,sell,NYSE
tx_0001671,2025-06-11 09:49:04,FB,329.53,567.0,buy,NASDAQ
tx_0005785,2025-06-11 09:49:05,ADBE,609.26,681.0,sell,NASDAQ
tx_0004182,2025-06-11 09:49:05,AAPL,150.05,330.0,buy,NASDAQ
tx_0004554,2025-06-11 09:49:06,MA,348.56,687.0,sell,NYSE
tx_0000365,2025-06-11 09:49:08,FB,332.3,17.0,sell,NASDAQ
tx_0007980,2025-06-11 09:49:10,GOOGL,2761.15,502.0,sell,NASDAQ
tx_0004042,2025-06-11 09:49:10,AMZN,3439.24,628.0,buy,NASDAQ
tx_0007745,2025-06-11 09:49:13,KO,55.48,12.0,sell,NYSE
tx_0005972,2025-06-11 09:49:16,MSFT,303.29,38.0,buy,NASDAQ
tx_0000393,2025-06-11 09:49:17,JNJ,170.65,490.0,sell,NYSE
tx_0001596,2025-06-11 09:49:18,PYPL,254.25,907.0,sell,NASDAQ
tx_0007213,2025-06-11 09:49:19,KO,55.34,821.0,sell,NYSE
tx_0008548,2025-06-11 09:49:21,PEP,152.39,66.0,buy,NYSE
tx_0000464,2025-06-11 09:49:24,WMT,138.41,816.0,buy,NYSE
tx_0004616,2025-06-11 09:49:27,TSLA,694.19,287.0,buy,NASDAQ
tx_0003266,2025-06-11 09:49:27,BRK.B,286.82,869.0,sell,NYSE
tx_0005963,2025-06-11 09:49:34,AMZN,3434.66,314.0,,NASDAQ
tx_0003218,2025-06-11 09:49:36,V,220.44,394.0,sell,NYSE
tx_0009397,2025-06-11 09:49:40,WMT,140.19,392.0,sell,NYSE
tx_0009975,2025-06-11 09:49:40,MCD,254.84,549.0,buy,NYSE
tx_0008551,2025-06-11 09:49:47,BRK.B,285.29,662.0,buy,NYSE
tx_0006998,2025-06-11 09:49:49,DIS,172.86,342.0,sell,NYSE
tx_0006959,2025-06-11 09:49:50,PG,142.44,220.0,buy,NYSE
tx_0006718,2025-06-11 09:49:51,MA,348.68,663.0,sell,NYSE
tx_0005439,2025-06-11 09:49:54,MSFT,303.51,665.0,sell,NASDAQ
tx_0003661,2025-06-11 09:49:55,PYPL,257.62,96.0,sell,NASDAQ
tx_0000533,2025-06-11 09:49:55,MCD,250.23,705.0,sell,NYSE
tx_0005445,2025-06-11 09:49:55,WMT,139.84,573.0,buy,NYSE
tx_0005100,2025-06-11 09:49:56,AAPL,148.95,739.0,sell,NASDAQ
tx_0008485,2025-06-11 09:49:56,PYPL,256.47,920.0,sell,NASDAQ
tx_0002218,2025-06-11 09:50:03,JNJ,170.63,410.0,sell,NYSE
tx_0004190,2025-06-11 09:50:05,PEP,152.55,790.0,buy,NYSE
tx_0008204,2025-06-11 09:50:05,BRK.B,289.01,432.0,buy,NYSE
tx_0008251,2025-06-11 09:50:11,FB,329.82,866.0,buy,NASDAQ
tx_0004141,2025-06-11 09:50:12,MCD,250.88,293.0,sell,NYSE
tx_0002861,2025-06-11 09:50:16,V,223.54,803.0,buy,NYSE
tx_0009278,2025-06-11 09:50:23,MCD,250.32,269.0,sell,NYSE
tx_0000170,2025-06-11 09:50:25,MA,343.96,379.0,buy,NYSE
tx_0009683,2025-06-11 09:50:26,KO,54.91,23.0,buy,NYSE
tx_0004394,2025-06-11 09:50:29,FB,330.54,994.0,sell,NASDAQ
tx_0001972,2025-06-11 09:50:32,MSFT,307.64,361.0,sell,NASDAQ
tx_0005944,2025-06-11 09:50:33,KO,55.03,91.0,buy,NYSE
tx_0007705,2025-06-11 09:50:34,WMT,138.79,151.0,sell,NYSE
tx_0009291,2025-06-11 09:50:36,FB,328.58,89.0,sell,NASDAQ
tx_0005056,2025-06-11 09:50:40,AAPL,147.51,416.0,sell,NASDAQ
tx_0004854,2025-06-11 09:50:42,MA,350.44,766.0,buy,NYSE
tx_0008304,2025-06-11 09:50:48,BRK.B,286.76,360.0,buy,NYSE
tx_0004562,2025-06-11 09:50:51,GOOGL,2755.0,455.0,sell,NASDAQ
tx_0004061,2025-06-11 09:50:51,V,220.36,208.0,sell,NYSE
tx_0000851,2025-06-11 09:50:52,NFLX,499.35,229.0,sell,NASDAQ
tx_0000888,2025-06-11 09:50:55,TSLA,702.7,110.0,buy,NASDAQ
tx_0003659,2025-06-11 09:50:56,BRK.B,285.04,862.0,buy,NYSE
tx_0001736,2025-06-11 09:50:57,AMZN,3487.74,984.0,buy,NASDAQ
tx_0003736,2025-06-11 09:51:04,TSLA,698.67,767.0,buy,NASDAQ
tx_0007876,2025-06-11 09:51:04,NFLX,502.36,426.0,sell,NASDAQ
tx_0005631,2025-06-11 09:51:04,PEP,151.53,604.0,buy,NYSE
tx_0008745,2025-06-11 09:51:11,DIS,,394.0,sell,NYSE
tx_0003565,2025-06-11 09:51:13,AAPL,149.51,526.0,sell,NASDAQ
tx_0008278,2025-06-11 09:51:24,PYPL,,677.0,sell,NASDAQ
tx_0000208,2025-06-11 09:51:25,MSFT,304.84,704.0,buy,NASDAQ
tx_0005662,2025-06-11 09:51:29,V,221.31,226.0,sell,NYSE
tx_0006109,2025-06-11 09:51:30,GOOGL,2767.47,732.0,sell,NASDAQ
tx_0001591,2025-06-11 09:51:31,PEP,152.26,14.0,sell,NYSE
tx_0004529,2025-06-11 09:51:33,PG,143.74,137.0,sell,NYSE
tx_0009168,2025-06-11 09:51:35,JNJ,169.74,262.0,buy,NYSE
tx_0001957,2025-06-11 09:51:36,DIS,173.4,253.0,sell,NYSE
tx_0008297,2025-06-11 09:51:37,KO,55.29,453.0,sell,NYSE
tx_0000828,2025-06-11 09:51:37,KO,54.7,369.0,sell,NYSE
tx_0001773,2025-06-11 09:51:39,WMT,138.94,794.0,buy,NYSE
tx_0009014,2025-06-11 09:51:40,NVDA,196.61,832.0,sell,NASDAQ
tx_0003789,2025-06-11 09:51:40,DIS,174.41,698.0,buy,NYSE
tx_0009354,2025-06-11 09:51:41,PG,143.31,254.0,sell,NYSE
tx_0004105,2025-06-11 09:51:41,AAPL,148.8,212.0,sell,NASDAQ
tx_0006110,2025-06-11 09:51:43,GOOGL,2788.6,925.0,sell,NASDAQ
tx_0004095,2025-06-11 09:51:44,ADBE,610.1,598.0,sell,NASDAQ
tx_0001680,2025-06-11 09:51:46,FB,,331.0,sell,NASDAQ
tx_0002727,2025-06-11 09:51:46,FB,330.24,918.0,sell,NASDAQ
tx_0001578,2025-06-11 09:51:46,KO,54.46,826.0,sell,NYSE
tx_0009549,2025-06-11 09:51:48,PYPL,257.58,340.0,buy,NASDAQ
tx_0002971,2025-06-11 09:51:52,NVDA,197.16,234.0,sell,NASDAQ
tx_0001087,2025-06-11 09:51:53,MSFT,307.57,396.0,buy,NASDAQ
tx_0008286,2025-06-11 09:51:54,PYPL,255.04,165.0,sell,NASDAQ
tx_0006688,2025-06-11 09:52:01,AAPL,147.35,402.0,buy,NASDAQ
tx_0003222,2025-06-11 09:52:03,GOOGL,2760.9,,sell,NASDAQ
tx_0009806,2025-06-11 09:52:03,FB,335.02,622.0,sell,NASDAQ
tx_0003805,2025-06-11 09:52:05,FB,333.52,786.0,buy,NASDAQ
tx_0008721,2025-06-11 09:52:08,GOOGL,2758.03,515.0,sell,NASDAQ
tx_0003079,2025-06-11 09:52:12,BRK.B,286.74,763.0,sell,NYSE
tx_0001425,2025-06-11 09:52:13,PYPL,257.63,939.0,sell,NASDAQ
tx_0000762,2025-06-11 09:52:14,NFLX,506.64,557.0,buy,NASDAQ
tx_0001631,2025-06-11 09:52:31,PG,141.64,393.0,sell,NYSE
tx_0001307,2025-06-11 09:52:32,AAPL,148.51,,buy,NASDAQ
tx_0008285,2025-06-11 09:52:34,MA,348.36,392.0,sell,NYSE
tx_0003352,2025-06-11 09:52:36,PYPL,256.59,275.0,sell,NASDAQ
tx_0005269,2025-06-11 09:52:37,GOOGL,2771.23,137.0,sell,NASDAQ
tx_0007929,2025-06-11 09:52:37,AMZN,3486.25,843.0,sell,NASDAQ
tx_0007450,2025-06-11 09:52:38,V,222.0,736.0,sell,NYSE
tx_0009479,2025-06-11 09:52:38,BRK.B,286.79,323.0,buy,NYSE
tx_0004617,2025-06-11 09:52:41,KO,54.98,836.0,sell,NYSE
tx_0007721,2025-06-11 09:52:43,NVDA,197.93,54.0,buy,NASDAQ
tx_0006459,2025-06-11 09:52:43,GOOGL,2749.07,59.0,sell,NASDAQ
tx_0005778,2025-06-11 09:52:46,MCD,252.68,460.0,buy,NYSE
tx_0008209,2025-06-11 09:52:50,PYPL,258.07,418.0,buy,NASDAQ
tx_0002427,2025-06-11 09:52:56,DIS,173.33,513.0,buy,NYSE
tx_0008644,2025-06-11 09:52:58,MSFT,310.35,451.0,sell,NASDAQ
tx_0002808,2025-06-11 09:53:05,V,221.44,623.0,buy,NYSE
tx_0008605,2025-06-11 09:53:05,PEP,152.32,814.0,sell,NYSE
tx_0005167,2025-06-11 09:53:08,AMZN,3467.75,321.0,buy,NASDAQ
tx_0002677,2025-06-11 09:53:13,NFLX,508.83,621.0,sell,NASDAQ
tx_0005134,2025-06-11 09:53:13,MSFT,309.33,282.0,buy,NASDAQ
tx_0001488,2025-06-11 09:53:16,NFLX,507.97,822.0,buy,NASDAQ
tx_0007010,2025-06-11 09:53:16,V,220.85,409.0,sell,NYSE
tx_0004050,2025-06-11 09:53:20,DIS,172.08,242.0,sell,NYSE
tx_0009098,2025-06-11 09:53:20,MA,350.17,482.0,buy,NYSE
tx_0009363,2025-06-11 09:53:21,NFLX,506.43,54.0,buy,NASDAQ
tx_0005950,2025-06-11 09:53:25,JNJ,170.51,443.0,buy,NYSE
tx_0002193,2025-06-11 09:53:27,JNJ,170.54,612.0,sell,NYSE
tx_0001537,2025-06-11 09:53:28,PEP,153.65,641.0,sell,NYSE
tx_0001723,2025-06-11 09:53:32,MSFT,309.95,224.0,buy,NASDAQ
tx_0004233,2025-06-11 09:53:36,PYPL,257.77,766.0,buy,NASDAQ
tx_0008153,2025-06-11 09:53:38,MSFT,,923.0,sell,NASDAQ
tx_0000082,2025-06-11 09:53:38,WMT,140.02,84.0,buy,NYSE
tx_0004221,2025-06-11 09:53:39,MA,348.69,594.0,sell,NYSE
tx_0002604,2025-06-11 09:53:40,V,219.31,310.0,buy,NYSE
tx_0003930,2025-06-11 09:53:42,AMZN,3440.59,307.0,sell,NASDAQ
tx_0007419,2025-06-11 09:53:44,FB,332.78,121.0,buy,NASDAQ
tx_0007618,2025-06-11 09:53:47,KO,55.4,874.0,sell,NYSE
tx_0004445,2025-06-11 09:53:54,PG,142.41,936.0,sell,NYSE
tx_0003676,2025-06-11 09:53:54,NVDA,195.76,657.0,buy,NASDAQ
tx_0001053,2025-06-11 09:53:58,MSFT,310.83,683.0,buy,NASDAQ
tx_0007675,2025-06-11 09:54:00,V,220.61,773.0,buy,NYSE
tx_0003703,2025-06-11 09:54:01,MCD,250.58,381.0,buy,NYSE
tx_0003166,2025-06-11 09:54:08,NFLX,505.81,59.0,buy,NASDAQ
tx_0003418,2025-06-11 09:54:12,AAPL,148.36,679.0,buy,NASDAQ
tx_0006200,2025-06-11 09:54:13,DIS,173.94,965.0,sell,NYSE
tx_0003133,2025-06-11 09:54:18,DIS,175.64,699.0,buy,NYSE
tx_0003171,2025-06-11 09:54:19,JNJ,168.88,371.0,buy,NYSE
tx_0005253,2025-06-11 09:54:19,PG,142.53,731.0,buy,NYSE
tx_0004023,2025-06-11 09:54:20,AAPL,149.08,622.0,sell,NASDAQ
tx_0003664,2025-06-11 09:54:21,NVDA,196.87,138.0,buy,NASDAQ
tx_0003461,2025-06-11 09:54:26,DIS,174.49,538.0,sell,NYSE
tx_0000262,2025-06-11 09:54:28,PG,143.3,616.0,sell,NYSE
tx_0005378,2025-06-11 09:54:29,AMZN,3459.81,907.0,buy,NASDAQ
tx_0000035,2025-06-11 09:54:30,GOOGL,2738.56,887.0,buy,NASDAQ
tx_0004503,2025-06-11 09:54:33,WMT,138.15,995.0,buy,NYSE
tx_0000293,2025-06-11 09:54:36,PYPL,253.47,5.0,sell,NASDAQ
tx_0008689,2025-06-11 09:54:37,JNJ,169.23,696.0,buy,NYSE
tx_0002029,2025-06-11 09:54:39,MCD,248.75,586.0,sell,NYSE
tx_0003921,2025-06-11 09:54:44,MSFT,309.97,594.0,sell,NASDAQ
tx_0001411,2025-06-11 09:54:53,PYPL,254.6,502.0,sell,NASDAQ
tx_0009216,2025-06-11 09:54:57,TSLA,688.26,496.0,sell,NASDAQ
tx_0002562,2025-06-11 09:54:58,MA,347.17,61.0,sell,NYSE
tx_0001893,2025-06-11 09:54:59,V,,826.0,sell,NYSE
tx_0009245,2025-06-11 09:55:02,MA,344.15,486.0,buy,NYSE
tx_0006086,2025-06-11 09:55:04,MA,344.94,347.0,buy,NYSE
tx_0006330,2025-06-11 09:55:06,NVDA,198.52,417.0,sell,NASDAQ
tx_0008013,2025-06-11 09:55:14,NFLX,498.2,806.0,buy,NASDAQ
tx_0004907,2025-06-11 09:55:15,V,220.55,651.0,sell,NYSE
tx_0002776,2025-06-11 09:55:15,FB,332.0,21.0,buy,NASDAQ
tx_0009169,2025-06-11 09:55:16,PEP,154.22,229.0,sell,NYSE
tx_0000985,2025-06-11 09:55:17,AAPL,147.59,868.0,sell,NASDAQ
tx_0001778,2025-06-11 09:55:18,PYPL,256.55,475.0,buy,NASDAQ
tx_0006884,2025-06-11 09:55:22,NFLX,507.66,475.0,sell,NASDAQ
tx_0002137,2025-06-11 09:55:23,NVDA,197.51,881.0,sell,NASDAQ
tx_0008748,2025-06-11 09:55:23,PEP,154.05,563.0,sell,NYSE
tx_0005527,2025-06-11 09:55:24,PEP,152.93,860.0,sell,NYSE
tx_0006144,2025-06-11 09:55:29,MA,348.6,192.0,sell,NYSE
tx_0001317,2025-06-11 09:55:29,MCD,250.2,44.0,sell,NYSE
tx_0000203,2025-06-11 09:55:30,AMZN,3448.6,842.0,,NASDAQ
tx_0002594,2025-06-11 09:55:33,NFLX,506.57,868.0,buy,NASDAQ
tx_0004364,2025-06-11 09:55:34,DIS,175.14,300.0,buy,NYSE
tx_0004549,2025-06-11 09:55:35,AMZN,3436.77,998.0,buy,NASDAQ
tx_0005800,2025-06-11 09:55:39,NFLX,502.55,652.0,sell,NASDAQ
tx_0008087,2025-06-11 09:55:39,GOOGL,2773.73,468.0,buy,NASDAQ
tx_0001997,2025-06-11 09:55:41,JNJ,169.37,620.0,buy,NYSE
tx_0009070,2025-06-11 09:55:46,MCD,253.22,250.0,buy,NYSE
tx_0000110,2025-06-11 09:55:47,TSLA,702.35,574.0,sell,NASDAQ
tx_0009230,2025-06-11 09:55:50,PYPL,253.28,814.0,sell,NASDAQ
tx_0004713,2025-06-11 09:55:53,PG,141.34,664.0,sell,NYSE
tx_0000526,2025-06-11 09:55:57,BRK.B,290.49,769.0,sell,NYSE
tx_0003510,2025-06-11 09:55:58,KO,55.16,508.0,buy,NYSE
tx_0002923,2025-06-11 09:56:05,JNJ,167.99,235.0,sell,NYSE
tx_0005406,2025-06-11 09:56:07,ADBE,606.82,188.0,buy,NASDAQ
tx_0000669,2025-06-11 09:56:08,GOOGL,2771.18,384.0,buy,NASDAQ
tx_0001974,2025-06-11 09:56:17,PEP,152.61,393.0,sell,NYSE
tx_0009041,2025-06-11 09:56:20,NFLX,505.45,54.0,buy,NASDAQ
tx_0008682,2025-06-11 09:56:23,PEP,152.58,128.0,buy,NYSE
tx_0005466,2025-06-11 09:56:27,V,221.24,954.0,sell,NYSE
tx_0006667,2025-06-11 09:56:30,PG,141.43,688.0,buy,NYSE
tx_0009127,2025-06-11 09:56:39,KO,55.02,27.0,buy,NYSE
tx_0008939,2025-06-11 09:56:39,ADBE,611.19,620.0,sell,NASDAQ
tx_0008500,2025-06-11 09:56:40,NFLX,500.3,554.0,sell,NASDAQ
tx_0008156,2025-06-11 09:56:42,V,218.8,313.0,buy,NYSE
tx_0000319,2025-06-11 09:56:48,KO,55.75,361.0,buy,NYSE
tx_0009137,2025-06-11 09:56:53,DIS,176.07,792.0,buy,NYSE
tx_0009061,2025-06-11 09:56:56,MCD,249.88,552.0,buy,NYSE
tx_0006565,2025-06-11 09:56:57,AAPL,148.07,757.0,buy,NASDAQ
tx_0007681,2025-06-11 09:56:59,MSFT,309.42,186.0,sell,NASDAQ
tx_0000544,2025-06-11 09:57:04,BRK.B,289.24,373.0,buy,NYSE
tx_0006349,2025-06-11 09:57:04,FB,334.91,826.0,sell,NASDAQ
tx_0000913,2025-06-11 09:57:07,MCD,251.13,880.0,buy,NYSE
tx_0008306,2025-06-11 09:57:08,AAPL,147.81,255.0,buy,NASDAQ
tx_0006713,2025-06-11 09:57:08,GOOGL,2777.94,974.0,buy,NASDAQ
tx_0005064,2025-06-11 09:57:14,MSFT,310.55,96.0,sell,NASDAQ
tx_0009124,2025-06-11 09:57:15,TSLA,701.46,208.0,buy,NASDAQ
tx_0000946,2025-06-11 09:57:15,PYPL,256.26,798.0,buy,NASDAQ
tx_0004123,2025-06-11 09:57:16,PEP,152.43,877.0,sell,NYSE
tx_0000269,2025-06-11 09:57:21,NVDA,197.99,858.0,buy,NASDAQ
tx_0004300,2025-06-11 09:57:23,WMT,138.44,934.0,sell,NYSE
tx_0006312,2025-06-11 09:57:25,PG,142.96,413.0,sell,NYSE
tx_0006801,2025-06-11 09:57:29,DIS,175.14,378.0,buy,NYSE
tx_0006969,2025-06-11 09:57:29,NVDA,195.9,704.0,buy,NASDAQ
tx_0006614,2025-06-11 09:57:31,GOOGL,2769.69,781.0,sell,NASDAQ
tx_0000383,2025-06-11 09:57:32,AAPL,147.03,272.0,sell,
tx_0009784,2025-06-11 09:57:32,NVDA,197.69,823.0,sell,NASDAQ
tx_0006635,2025-06-11 09:57:33,JNJ,168.49,726.0,sell,NYSE
tx_0008352,2025-06-11 09:57:35,GOOGL,2771.2,37.0,buy,NASDAQ
tx_0006239,2025-06-11 09:57:48,AAPL,148.95,160.0,buy,NASDAQ
tx_0006735,2025-06-11 09:57:48,FB,330.8,292.0,sell,NASDAQ
tx_0003961,2025-06-11 09:57:54,GOOGL,2796.48,988.0,sell,NASDAQ
tx_0006936,2025-06-11 09:57:58,WMT,138.81,49.0,sell,NYSE
tx_0006808,2025-06-11 09:57:58,ADBE,605.44,356.0,buy,NASDAQ
tx_0003572,2025-06-11 09:57:58,MCD,249.1,160.0,sell,NYSE
tx_0001198,2025-06-11 09:58:02,AAPL,147.03,169.0,sell,NASDAQ
tx_0000571,2025-06-11 09:58:03,MSFT,310.79,727.0,,NASDAQ
tx_0003607,2025-06-11 09:58:08,ADBE,608.06,859.0,buy,NASDAQ
tx_0003038,2025-06-11 09:58:10,WMT,138.32,540.0,buy,NYSE
tx_0005304,2025-06-11 09:58:15,GOOGL,2805.81,713.0,buy,NASDAQ
tx_0008606,2025-06-11 09:58:18,BRK.B,287.24,191.0,sell,NYSE
tx_0000952,2025-06-11 09:58:22,BRK.B,291.71,437.0,buy,NYSE
tx_0009404,2025-06-11 09:58:24,V,220.27,945.0,buy,NYSE
tx_0000581,2025-06-11 09:58:24,TSLA,701.61,905.0,buy,NASDAQ
tx_0007869,2025-06-11 09:58:26,AAPL,146.99,260.0,buy,NASDAQ
tx_0009383,2025-06-11 09:58:27,GOOGL,2782.59,350.0,buy,NASDAQ
tx_0004152,2025-06-11 09:58:27,PYPL,256.47,674.0,buy,NASDAQ
tx_0009047,2025-06-11 09:58:31,PYPL,253.53,56.0,sell,NASDAQ
tx_0004375,2025-06-11 09:58:32,PG,142.53,917.0,buy,NYSE
tx_0006724,2025-06-11 09:58:32,AAPL,147.23,168.0,buy,NASDAQ
tx_0004288,2025-06-11 09:58:34,TSLA,700.3,850.0,sell,NASDAQ
tx_0004237,2025-06-11 09:58:35,WMT,139.8,627.0,sell,NYSE
tx_0006176,2025-06-11 09:58:41,ADBE,609.87,,buy,NASDAQ
tx_0000268,2025-06-11 09:58:42,NVDA,197.74,145.0,sell,NASDAQ
tx_0006997,2025-06-11 09:58:43,MCD,249.23,423.0,buy,NYSE
tx_0000785,2025-06-11 09:58:44,AMZN,3445.58,534.0,buy,NASDAQ
tx_0001932,2025-06-11 09:58:45,BRK.B,289.75,7.0,buy,NYSE
tx_0000306,2025-06-11 09:58:47,V,221.77,,buy,NYSE
tx_0004054,2025-06-11 09:58:50,GOOGL,2794.62,953.0,buy,NASDAQ
tx_0007157,2025-06-11 09:58:55,BRK.B,289.01,504.0,buy,NYSE
tx_0002948,2025-06-11 09:58:56,KO,55.12,42.0,buy,NYSE
tx_0003410,2025-06-11 09:58:56,MCD,249.29,720.0,buy,NYSE
tx_0004624,2025-06-11 09:59:00,V,220.86,361.0,sell,NYSE
tx_0002978,2025-06-11 09:59:02,MA,346.62,845.0,buy,NYSE
tx_0005492,2025-06-11 09:59:04,V,219.15,566.0,buy,NYSE
tx_0000315,2025-06-11 09:59:09,KO,55.29,859.0,buy,NYSE
tx_0009296,2025-06-11 09:59:12,MCD,247.59,926.0,sell,NYSE
tx_0008912,2025-06-11 09:59:21,JNJ,169.77,29.0,buy,NYSE
tx_0009362,2025-06-11 09:59:26,MSFT,308.68,30.0,sell,NASDAQ
tx_0000241,2025-06-11 09:59:27,ADBE,601.15,716.0,buy,NASDAQ
tx_0002028,2025-06-11 09:59:29,PEP,154.36,189.0,buy,NYSE
tx_0009048,2025-06-11 09:59:29,V,220.44,893.0,sell,NYSE
tx_0006274,2025-06-11 09:59:30,GOOGL,2792.19,528.0,buy,NASDAQ
tx_0002684,2025-06-11 09:59:30,FB,332.98,992.0,buy,NASDAQ
tx_0003264,2025-06-11 09:59:35,NFLX,499.36,299.0,sell,NASDAQ
tx_0009177,2025-06-11 09:59:37,ADBE,609.64,118.0,sell,NASDAQ
tx_0002491,2025-06-11 09:59:38,MA,341.17,73.0,buy,NYSE
tx_0006207,2025-06-11 09:59:41,DIS,176.65,396.0,buy,NYSE
tx_0004919,2025-06-11 09:59:41,JNJ,169.06,192.0,sell,NYSE
tx_0006681,2025-06-11 09:59:42,DIS,174.35,427.0,buy,NYSE
tx_0006253,2025-06-11 09:59:43,AMZN,3410.38,247.0,buy,NASDAQ
tx_0007515,2025-06-11 09:59:45,JNJ,169.2,282.0,buy,NYSE
tx_0007524,2025-06-11 09:59:50,AMZN,3426.81,562.0,sell,NASDAQ
tx_0009427,2025-06-11 09:59:51,AAPL,149.19,266.0,sell,NASDAQ
tx_0005242,2025-06-11 09:59:55,V,218.34,306.0,buy,NYSE
tx_0007247,2025-06-11 09:59:57,TSLA,692.6,544.0,buy,NASDAQ
tx_0004340,2025-06-11 09:59:58,JNJ,168.99,41.0,sell,NYSE
tx_0006187,2025-06-11 09:59:59,MCD,247.84,636.0,buy,NYSE
tx_0001996,2025-06-11 10:00:00,DIS,176.3,955.0,sell,NYSE
tx_0004725,2025-06-11 10:00:02,FB,328.29,409.0,sell,NASDAQ
tx_0003147,2025-06-11 10:00:04,MCD,249.11,658.0,sell,NYSE
tx_0005839,2025-06-11 10:00:04,GOOGL,2784.28,989.0,sell,NASDAQ
tx_0004043,2025-06-11 10:00:04,ADBE,601.77,963.0,buy,NASDAQ
tx_0006169,2025-06-11 10:00:07,WMT,139.41,916.0,sell,NYSE
tx_0004818,2025-06-11 10:00:08,WMT,138.52,85.0,buy,NYSE
tx_0009022,2025-06-11 10:00:12,AMZN,3428.89,429.0,sell,NASDAQ
tx_0002533,2025-06-11 10:00:13,KO,55.58,629.0,buy,NYSE
tx_0005495,2025-06-11 10:00:14,PEP,153.07,869.0,sell,NYSE
tx_0002672,2025-06-11 10:00:14,WMT,138.59,923.0,buy,NYSE
tx_0001982,2025-06-11 10:00:16,KO,55.14,765.0,sell,NYSE
tx_0002882,2025-06-11 10:00:18,DIS,176.79,206.0,sell,NYSE
tx_0005246,2025-06-11 10:00:19,WMT,139.93,10.0,buy,NYSE
tx_0001790,2025-06-11 10:00:20,BRK.B,289.7,882.0,,NYSE
tx_0005404,2025-06-11 10:00:22,NVDA,199.33,163.0,buy,NASDAQ
tx_0000193,2025-06-11 10:00:25,JNJ,170.57,219.0,buy,NYSE
tx_0002922,2025-06-11 10:00:28,V,218.25,685.0,sell,NYSE
tx_0003623,2025-06-11 10:00:33,MA,347.47,234.0,buy,NYSE
tx_0002831,2025-06-11 10:00:34,MSFT,309.88,398.0,sell,NASDAQ
tx_0000914,2025-06-11 10:00:34,PYPL,257.99,973.0,buy,NASDAQ
tx_0008327,2025-06-11 10:00:34,ADBE,609.3,660.0,buy,NASDAQ
tx_0006507,2025-06-11 10:00:35,NVDA,201.35,136.0,sell,NASDAQ
tx_0009853,2025-06-11 10:00:37,DIS,174.36,387.0,sell,NYSE
tx_0002016,2025-06-11 10:00:38,FB,329.84,413.0,sell,NASDAQ
tx_0006085,2025-06-11 10:00:39,AMZN,3393.91,934.0,sell,NASDAQ
tx_0009580,2025-06-11 10:00:42,PG,142.08,878.0,sell,NYSE
tx_0008488,2025-06-11 10:00:43,MSFT,307.8,86.0,sell,NASDAQ
tx_0001938,2025-06-11 10:00:46,V,217.9,959.0,buy,NYSE
tx_0001095,2025-06-11 10:00:50,MSFT,308.03,609.0,sell,NASDAQ
tx_0002901,2025-06-11 10:00:50,FB,,670.0,buy,NASDAQ
tx_0000069,2025-06-11 10:00:51,PG,143.49,235.0,sell,NYSE
tx_0003015,2025-06-11 10:00:52,PEP,153.9,998.0,buy,NYSE
tx_0001018,2025-06-11 10:00:56,TSLA,,850.0,sell,NASDAQ
tx_0001252,2025-06-11 10:00:58,MA,345.18,123.0,sell,NYSE
tx_0009929,2025-06-11 10:01:00,AAPL,148.08,899.0,sell,NASDAQ
tx_0009717,2025-06-11 10:01:01,ADBE,608.75,64.0,buy,NASDAQ
tx_0009780,2025-06-11 10:01:01,TSLA,699.73,219.0,sell,NASDAQ
tx_0008381,2025-06-11 10:01:01,BRK.B,290.15,482.0,sell,NYSE
tx_0004175,2025-06-11 10:01:03,NVDA,199.5,460.0,buy,NASDAQ
tx_0004875,2025-06-11 10:01:05,TSLA,704.14,51.0,buy,NASDAQ
tx_0006069,2025-06-11 10:01:08,JNJ,169.57,515.0,sell,NYSE
tx_0003916,2025-06-11 10:01:09,ADBE,604.71,748.0,buy,NASDAQ
tx_0000727,2025-06-11 10:01:09,GOOGL,2769.13,317.0,sell,NASDAQ
tx_0003035,2025-06-11 10:01:15,PEP,152.08,893.0,buy,NYSE
tx_0003392,2025-06-11 10:01:15,PG,142.49,258.0,sell,NYSE
tx_0008597,2025-06-11 10:01:19,BRK.B,292.76,145.0,buy,NYSE
tx_0004280,2025-06-11 10:01:19,MA,345.81,514.0,buy,NYSE
tx_0007855,2025-06-11 10:01:19,TSLA,696.07,961.0,buy,NASDAQ
tx_0008950,2025-06-11 10:01:25,MA,347.76,270.0,sell,NYSE
tx_0000822,2025-06-11 10:01:25,NFLX,499.03,173.0,buy,NASDAQ
tx_0005954,2025-06-11 10:01:28,V,218.83,85.0,sell,NYSE
tx_0008878,2025-06-11 10:01:35,AAPL,148.42,14.0,sell,NASDAQ
tx_0008883,2025-06-11 10:01:39,AMZN,3442.0,341.0,sell,NASDAQ
tx_0003636,2025-06-11 10:01:40,MA,341.13,918.0,buy,NYSE
tx_0006678,2025-06-11 10:01:43,DIS,176.04,662.0,buy,NYSE
tx_0002150,2025-06-11 10:01:44,NVDA,198.97,973.0,sell,NASDAQ
tx_0001727,2025-06-11 10:01:46,TSLA,702.75,585.0,buy,NASDAQ
tx_0003200,2025-06-11 10:01:49,KO,54.79,803.0,buy,NYSE
tx_0001046,2025-06-11 10:01:49,V,217.61,684.0,buy,NYSE
tx_0003169,2025-06-11 10:01:50,FB,334.56,123.0,sell,NASDAQ
tx_0009384,2025-06-11 10:01:50,MSFT,313.03,997.0,sell,NASDAQ
tx_0008272,2025-06-11 10:01:54,MA,347.08,71.0,sell,NYSE
tx_0004456,2025-06-11 10:01:57,KO,54.86,800.0,buy,NYSE
tx_0004196,2025-06-11 10:02:01,DIS,174.68,702.0,buy,NYSE
tx_0002300,2025-06-11 10:02:03,PEP,154.26,672.0,buy,NYSE
tx_0002036,2025-06-11 10:02:05,FB,335.41,712.0,sell,NASDAQ
tx_0004915,2025-06-11 10:02:07,V,217.92,67.0,buy,NYSE
tx_0003526,2025-06-11 10:02:10,MCD,249.03,58.0,buy,NYSE
tx_0005716,2025-06-11 10:02:10,MA,345.21,182.0,sell,NYSE
tx_0002438,2025-06-11 10:02:11,ADBE,608.88,412.0,buy,NASDAQ
tx_0002944,2025-06-11 10:02:16,MCD,247.7,537.0,sell,NYSE
tx_0003307,2025-06-11 10:02:16,KO,55.24,949.0,buy,NYSE
tx_0007347,2025-06-11 10:02:16,AMZN,3456.92,628.0,sell,NASDAQ
tx_0001745,2025-06-11 10:02:18,PEP,152.71,567.0,sell,NYSE
tx_0006425,2025-06-11 10:02:25,FB,332.38,305.0,buy,NASDAQ
tx_0002127,2025-06-11 10:02:29,GOOGL,2812.57,780.0,sell,NASDAQ
tx_0007557,2025-06-11 10:02:30,FB,334.41,862.0,buy,NASDAQ
tx_0009910,2025-06-11 10:02:31,KO,54.39,79.0,buy,NYSE
tx_0009649,2025-06-11 10:02:38,MSFT,308.37,250.0,sell,NASDAQ
tx_0000953,2025-06-11 10:02:40,AAPL,147.33,287.0,sell,NASDAQ
tx_0008447,2025-06-11 10:02:50,FB,330.75,615.0,buy,NASDAQ
tx_0006471,2025-06-11 10:02:52,NFLX,499.82,421.0,sell,NASDAQ
tx_0004427,2025-06-11 10:02:52,DIS,176.13,986.0,sell,NYSE
tx_0007866,2025-06-11 10:02:53,FB,332.11,798.0,buy,NASDAQ
tx_0006950,2025-06-11 10:02:54,MA,342.1,826.0,sell,NYSE
tx_0002112,2025-06-11 10:02:57,AAPL,148.97,899.0,buy,NASDAQ
tx_0003619,2025-06-11 10:02:57,AMZN,3399.88,404.0,sell,NASDAQ
tx_0004592,2025-06-11 10:03:00,MCD,249.93,358.0,sell,NYSE
tx_0009737,2025-06-11 10:03:00,WMT,139.74,920.0,buy,NYSE
tx_0006736,2025-06-11 10:03:01,MA,345.08,703.0,buy,NYSE
tx_0008371,2025-06-11 10:03:04,ADBE,599.68,584.0,sell,NASDAQ
tx_0002960,2025-06-11 10:03:04,MCD,247.72,73.0,sell,NYSE
tx_0009365,2025-06-11 10:03:08,KO,54.55,934.0,sell,NYSE
tx_0008746,2025-06-11 10:03:08,DIS,175.89,169.0,buy,NYSE
tx_0003597,2025-06-11 10:03:10,NVDA,198.1,364.0,buy,NASDAQ
tx_0005397,2025-06-11 10:03:15,PYPL,257.8,242.0,buy,NASDAQ
tx_0005947,2025-06-11 10:03:16,AMZN,3397.01,17.0,sell,NASDAQ
tx_0005575,2025-06-11 10:03:17,JNJ,168.84,428.0,buy,NYSE
tx_0000840,2025-06-11 10:03:23,TSLA,697.69,197.0,buy,NASDAQ
tx_0004838,2025-06-11 10:03:23,MCD,245.93,,buy,NYSE
tx_0008335,2025-06-11 10:03:24,MSFT,311.9,936.0,sell,NASDAQ
tx_0000774,2025-06-11 10:03:31,JNJ,169.28,883.0,buy,NYSE
tx_0006493,2025-06-11 10:03:35,AMZN,3388.44,351.0,sell,NASDAQ
tx_0006147,2025-06-11 10:03:38,FB,331.09,774.0,buy,NASDAQ
tx_0008884,2025-06-11 10:03:39,DIS,174.11,795.0,sell,NYSE
tx_0007630,2025-06-11 10:03:43,AMZN,3414.46,853.0,buy,NASDAQ
tx_0002334,2025-06-11 10:03:47,MSFT,308.17,991.0,buy,NASDAQ
tx_0007523,2025-06-11 10:03:48,FB,332.06,659.0,,NASDAQ
tx_0005272,2025-06-11 10:03:51,MSFT,310.4,804.0,buy,NASDAQ
tx_0007273,2025-06-11 10:03:53,PG,143.11,309.0,sell,NYSE
tx_0003793,2025-06-11 10:03:53,AMZN,3376.06,891.0,sell,NASDAQ
tx_0007921,2025-06-11 10:03:56,GOOGL,2788.83,148.0,sell,NASDAQ
tx_0005564,2025-06-11 10:03:57,AMZN,3412.73,688.0,sell,NASDAQ
tx_0001280,2025-06-11 10:03:59,MSFT,311.35,512.0,buy,NASDAQ
tx_0005303,2025-06-11 10:04:00,MCD,248.77,627.0,buy,NYSE
tx_0009678,2025-06-11 10:04:06,WMT,139.14,136.0,buy,NYSE
tx_0001839,2025-06-11 10:04:11,MSFT,308.22,257.0,buy,NASDAQ
tx_0008643,2025-06-11 10:04:13,WMT,139.44,803.0,sell,NYSE
tx_0001022,2025-06-11 10:04:14,MA,347.77,431.0,buy,NYSE
tx_0002720,2025-06-11 10:04:15,WMT,140.44,37.0,sell,NYSE
tx_0007001,2025-06-11 10:04:18,AMZN,3405.09,245.0,buy,NASDAQ
tx_0000839,2025-06-11 10:04:19,ADBE,604.76,991.0,buy,NASDAQ
tx_0009681,2025-06-11 10:04:21,MSFT,310.03,715.0,buy,NASDAQ
tx_0007942,2025-06-11 10:04:27,MCD,246.09,100.0,sell,NYSE
tx_0006444,2025-06-11 10:04:27,TSLA,701.04,627.0,sell,NASDAQ
tx_0001385,2025-06-11 10:04:30,AMZN,3421.78,990.0,sell,NASDAQ
tx_0004702,2025-06-11 10:04:30,V,219.81,211.0,buy,NYSE
tx_0009232,2025-06-11 10:04:32,ADBE,603.02,44.0,buy,NASDAQ
tx_0007161,2025-06-11 10:04:34,V,220.0,562.0,sell,NYSE
tx_0008584,2025-06-11 10:04:34,GOOGL,2814.39,428.0,buy,NASDAQ
tx_0003221,2025-06-11 10:04:34,JNJ,170.81,980.0,buy,NYSE
tx_0004366,2025-06-11 10:04:36,FB,328.12,17.0,buy,NASDAQ
tx_0009680,2025-06-11 10:04:37,AMZN,3415.28,879.0,buy,NASDAQ
tx_0001563,2025-06-11 10:04:37,AAPL,149.3,808.0,sell,NASDAQ
tx_0002293,2025-06-11 10:04:40,NVDA,200.14,270.0,buy,NASDAQ
tx_0001491,2025-06-11 10:04:43,KO,54.88,245.0,sell,NYSE
tx_0009075,2025-06-11 10:04:43,NFLX,502.95,271.0,sell,NASDAQ
tx_0003681,2025-06-11 10:04:49,AMZN,3378.14,830.0,sell,NASDAQ
tx_0008316,2025-06-11 10:04:50,AMZN,3372.47,917.0,sell,NASDAQ
tx_0001526,2025-06-11 10:04:51,MCD,248.12,266.0,buy,NYSE
tx_0008952,2025-06-11 10:04:54,AMZN,3420.65,157.0,sell,NASDAQ
tx_0009101,2025-06-11 10:04:54,MCD,249.04,92.0,sell,NYSE
tx_0008777,2025-06-11 10:04:55,PYPL,255.73,155.0,buy,NASDAQ
tx_0005847,2025-06-11 10:05:01,ADBE,603.54,822.0,sell,NASDAQ
tx_0007948,2025-06-11 10:05:05,AAPL,147.99,52.0,buy,NASDAQ
tx_0000535,2025-06-11 10:05:08,GOOGL,2808.07,910.0,buy,NASDAQ
tx_0004270,2025-06-11 10:05:08,DIS,172.85,262.0,buy,NYSE
tx_0001620,2025-06-11 10:05:10,BRK.B,291.81,480.0,buy,NYSE
tx_0004086,2025-06-11 10:05:11,PEP,152.09,835.0,buy,NYSE
tx_0007034,2025-06-11 10:05:17,JNJ,170.89,218.0,buy,NYSE
tx_0009785,2025-06-11 10:05:17,DIS,176.08,713.0,sell,NYSE
tx_0003294,2025-06-11 10:05:19,ADBE,602.18,787.0,sell,NASDAQ
tx_0002322,2025-06-11 10:05:19,PYPL,254.92,711.0,buy,NASDAQ
tx_0002303,2025-06-11 10:05:20,MSFT,307.19,535.0,sell,NASDAQ
tx_0006132,2025-06-11 10:05:21,KO,54.75,92.0,buy,NYSE
tx_0003174,2025-06-11 10:05:24,MCD,249.03,863.0,buy,NYSE
tx_0006462,2025-06-11 10:05:26,MCD,246.12,624.0,sell,NYSE
tx_0002950,2025-06-11 10:05:27,JNJ,168.54,55.0,sell,NYSE
tx_0003642,2025-06-11 10:05:27,MA,347.14,486.0,buy,NYSE
tx_0002443,2025-06-11 10:05:28,DIS,173.4,735.0,sell,NYSE
tx_0005973,2025-06-11 10:05:30,NFLX,497.07,494.0,sell,NASDAQ
tx_0007769,2025-06-11 10:05:37,PG,145.44,957.0,buy,NYSE
tx_0004111,2025-06-11 10:05:38,KO,55.14,107.0,sell,NYSE
tx_0009875,2025-06-11 10:05:41,NVDA,,223.0,buy,NASDAQ
tx_0008956,2025-06-11 10:05:41,PEP,151.35,297.0,buy,NYSE
tx_0005753,2025-06-11 10:05:41,BRK.B,289.4,818.0,buy,NYSE
tx_0008045,2025-06-11 10:05:42,PG,144.78,452.0,sell,NYSE
tx_0001715,2025-06-11 10:05:42,JNJ,169.33,398.0,buy,NYSE
tx_0002497,2025-06-11 10:05:43,PEP,154.09,353.0,sell,NYSE
tx_0001817,2025-06-11 10:05:49,TSLA,697.22,921.0,buy,NASDAQ
tx_0004945,2025-06-11 10:05:51,TSLA,707.24,738.0,sell,NASDAQ
tx_0009457,2025-06-11 10:05:53,AAPL,147.17,346.0,sell,NASDAQ
tx_0002596,2025-06-11 10:05:54,MSFT,310.89,547.0,sell,NASDAQ
tx_0006270,2025-06-11 10:05:58,WMT,137.91,792.0,buy,NYSE
tx_0000884,2025-06-11 10:06:00,PG,142.88,672.0,sell,NYSE
tx_0007361,2025-06-11 10:06:01,MSFT,308.24,667.0,sell,NASDAQ
tx_0006167,2025-06-11 10:06:04,TSLA,695.81,830.0,sell,NASDAQ
tx_0002686,2025-06-11 10:06:06,GOOGL,2802.49,346.0,sell,NASDAQ
tx_0009234,2025-06-11 10:06:07,WMT,138.01,76.0,sell,NYSE
tx_0007417,2025-06-11 10:06:11,BRK.B,290.4,932.0,buy,NYSE
tx_0004335,2025-06-11 10:06:11,NFLX,495.74,977.0,buy,NASDAQ
tx_0009009,2025-06-11 10:06:18,JNJ,169.04,493.0,buy,NYSE
tx_0002570,2025-06-11 10:06:21,JNJ,168.03,982.0,sell,NYSE
tx_0005459,2025-06-11 10:06:31,ADBE,603.96,980.0,sell,NASDAQ
tx_0009704,2025-06-11 10:06:36,WMT,139.35,163.0,sell,NYSE
tx_0000137,2025-06-11 10:06:37,NFLX,499.99,558.0,buy,NASDAQ
tx_0002213,2025-06-11 10:06:37,FB,327.59,58.0,sell,NASDAQ
tx_0003566,2025-06-11 10:06:45,V,222.12,632.0,buy,NYSE
tx_0001564,2025-06-11 10:06:52,PG,144.46,829.0,sell,NYSE
tx_0005899,2025-06-11 10:06:53,PYPL,256.46,116.0,sell,NASDAQ
tx_0007203,2025-06-11 10:06:54,FB,329.69,114.0,sell,NASDAQ
tx_0007428,2025-06-11 10:06:55,DIS,174.04,539.0,,NYSE
tx_0003134,2025-06-11 10:06:55,FB,328.07,217.0,buy,NASDAQ
tx_0008829,2025-06-11 10:06:57,TSLA,699.63,,buy,NASDAQ
tx_0007299,2025-06-11 10:06:58,KO,54.99,330.0,buy,NYSE
tx_0002158,2025-06-11 10:06:58,AAPL,148.12,5.0,buy,NASDAQ
tx_0004176,2025-06-11 10:06:59,MSFT,305.38,430.0,buy,NASDAQ
tx_0005854,2025-06-11 10:06:59,AMZN,3427.64,230.0,buy,NASDAQ
tx_0007376,2025-06-11 10:07:02,PEP,153.38,781.0,sell,NYSE
tx_0001277,2025-06-11 10:07:06,NVDA,201.77,18.0,buy,NASDAQ
tx_0001784,2025-06-11 10:07:07,MCD,247.29,435.0,sell,NYSE
tx_0004326,2025-06-11 10:07:08,JNJ,167.46,436.0,,NYSE
tx_0005712,2025-06-11 10:07:09,FB,326.98,985.0,buy,NASDAQ
tx_0001629,2025-06-11 10:07:14,PEP,152.39,512.0,buy,NYSE
tx_0009586,2025-06-11 10:07:14,GOOGL,2766.08,689.0,sell,NASDAQ
tx_0008199,2025-06-11 10:07:15,AAPL,147.87,628.0,sell,NASDAQ
tx_0005200,2025-06-11 10:07:15,V,220.47,357.0,,NYSE
tx_0007621,2025-06-11 10:07:20,WMT,140.8,68.0,sell,NYSE
tx_0003801,2025-06-11 10:07:22,AAPL,146.77,721.0,buy,NASDAQ
tx_0008532,2025-06-11 10:07:23,TSLA,705.36,355.0,buy,NASDAQ
tx_0009998,2025-06-11 10:07:25,MSFT,308.81,488.0,buy,NASDAQ
tx_0006929,2025-06-11 10:07:27,AMZN,3429.61,883.0,sell,NASDAQ
tx_0004151,2025-06-11 10:07:27,MA,347.09,391.0,sell,NYSE
tx_0001633,2025-06-11 10:07:27,DIS,175.7,807.0,sell,NYSE
tx_0002439,2025-06-11 10:07:28,WMT,138.88,31.0,sell,NYSE
tx_0003803,2025-06-11 10:07:31,WMT,139.08,627.0,buy,NYSE
tx_0004955,2025-06-11 10:07:33,BRK.B,289.49,738.0,sell,NYSE
tx_0007836,2025-06-11 10:07:38,NFLX,498.17,922.0,buy,NASDAQ
tx_0002943,2025-06-11 10:07:45,MCD,244.79,413.0,buy,NYSE
tx_0005472,2025-06-11 10:07:48,PYPL,256.0,98.0,buy,NASDAQ
tx_0008875,2025-06-11 10:07:54,MCD,247.88,99.0,sell,NYSE
tx_0009899,2025-06-11 10:07:57,PG,144.74,443.0,buy,NYSE
tx_0000983,2025-06-11 10:07:57,MCD,244.56,244.0,sell,NYSE
tx_0002859,2025-06-11 10:08:00,TSLA,710.5,680.0,sell,NASDAQ
tx_0008535,2025-06-11 10:08:02,DIS,173.18,798.0,buy,NYSE
tx_0006218,2025-06-11 10:08:02,WMT,138.5,454.0,sell,NYSE
tx_0006642,2025-06-11 10:08:06,WMT,139.5,37.0,sell,NYSE
tx_0009064,2025-06-11 10:08:07,ADBE,606.64,275.0,sell,NASDAQ
tx_0009300,2025-06-11 10:08:07,BRK.B,288.47,890.0,buy,NYSE
tx_0009572,2025-06-11 10:08:09,NFLX,501.3,487.0,sell,NASDAQ
tx_0007609,2025-06-11 10:08:10,MCD,246.2,935.0,buy,NYSE
tx_0000820,2025-06-11 10:08:10,KO,55.05,980.0,buy,NYSE
tx_0009118,2025-06-11 10:08:22,GOOGL,2776.63,146.0,buy,NASDAQ
tx_0001326,2025-06-11 10:08:24,AMZN,3434.5,146.0,buy,NASDAQ
tx_0001626,2025-06-11 10:08:30,JNJ,168.92,71.0,sell,NYSE
tx_0005704,2025-06-11 10:08:32,GOOGL,2781.31,529.0,sell,NASDAQ
tx_0008414,2025-06-11 10:08:32,GOOGL,2780.93,679.0,buy,NASDAQ
tx_0006316,2025-06-11 10:08:40,PG,142.12,564.0,sell,NYSE
tx_0009298,2025-06-11 10:08:41,BRK.B,291.3,590.0,sell,NYSE
tx_0009386,2025-06-11 10:08:46,TSLA,710.19,100.0,buy,NASDAQ
tx_0007073,2025-06-11 10:08:47,PEP,150.66,26.0,buy,NYSE
tx_0006409,2025-06-11 10:08:50,KO,54.5,474.0,buy,NYSE
tx_0004721,2025-06-11 10:08:52,NVDA,202.44,642.0,sell,NASDAQ
tx_0001605,2025-06-11 10:08:53,ADBE,601.12,468.0,buy,NASDAQ
tx_0008743,2025-06-11 10:08:55,TSLA,709.99,833.0,buy,NASDAQ
tx_0007552,2025-06-11 10:09:01,V,220.78,461.0,buy,NYSE
tx_0003011,2025-06-11 10:09:01,AAPL,148.02,353.0,sell,NASDAQ
tx_0006073,2025-06-11 10:09:03,KO,54.69,901.0,buy,NYSE
tx_0008011,2025-06-11 10:09:07,NFLX,492.88,523.0,buy,NASDAQ
tx_0007643,2025-06-11 10:09:08,MA,344.25,156.0,buy,NYSE
tx_0000124,2025-06-11 10:09:10,MCD,248.52,878.0,buy,NYSE
tx_0003715,2025-06-11 10:09:11,MA,,874.0,buy,NYSE
tx_0001556,2025-06-11 10:09:15,KO,55.17,605.0,buy,NYSE
tx_0009058,2025-06-11 10:09:20,V,221.9,932.0,buy,NYSE
tx_0007596,2025-06-11 10:09:21,WMT,139.5,920.0,sell,NYSE
tx_0006372,2025-06-11 10:09:21,MCD,247.66,372.0,buy,NYSE
tx_0002763,2025-06-11 10:09:25,PYPL,257.9,424.0,buy,NASDAQ
tx_0001744,2025-06-11 10:09:25,MSFT,306.97,237.0,sell,NASDAQ
tx_0000297,2025-06-11 10:09:28,AMZN,3424.82,866.0,buy,NASDAQ
tx_0006511,2025-06-11 10:09:35,FB,332.77,915.0,buy,NASDAQ
tx_0009474,2025-06-11 10:09:42,PEP,151.67,320.0,buy,NYSE
tx_0005816,2025-06-11 10:09:43,MCD,245.76,190.0,buy,NYSE
tx_0007282,2025-06-11 10:09:44,FB,333.25,56.0,buy,NASDAQ
tx_0008750,2025-06-11 10:09:45,MSFT,303.03,96.0,buy,NASDAQ
tx_0001990,2025-06-11 10:09:49,PEP,151.14,265.0,buy,NYSE
tx_0004191,2025-06-11 10:09:50,NVDA,201.9,402.0,sell,NASDAQ
tx_0000407,2025-06-11 10:09:55,FB,329.79,837.0,sell,NASDAQ
tx_0001076,2025-06-11 10:09:56,AAPL,149.1,736.0,buy,NASDAQ
tx_0006247,2025-06-11 10:09:58,NFLX,498.47,959.0,sell,NASDAQ
tx_0008555,2025-06-11 10:09:59,V,222.53,476.0,buy,NYSE
tx_0005874,2025-06-11 10:09:59,NVDA,203.31,583.0,sell,NASDAQ
tx_0008426,2025-06-11 10:10:04,NFLX,492.77,947.0,buy,NASDAQ
tx_0009219,2025-06-11 10:10:06,GOOGL,2770.85,924.0,sell,NASDAQ
tx_0002881,2025-06-11 10:10:13,KO,54.54,61.0,sell,NYSE
tx_0008558,2025-06-11 10:10:14,PEP,151.03,827.0,sell,NYSE
tx_0002325,2025-06-11 10:10:14,PEP,150.76,993.0,sell,NYSE
tx_0003024,2025-06-11 10:10:17,PEP,152.38,420.0,buy,NYSE
tx_0007667,2025-06-11 10:10:17,AMZN,3391.49,981.0,buy,NASDAQ
tx_0003365,2025-06-11 10:10:19,AAPL,146.7,672.0,buy,NASDAQ
tx_0007806,2025-06-11 10:10:23,MA,342.99,682.0,sell,NYSE
tx_0003727,2025-06-11 10:10:24,AMZN,3397.82,405.0,,NASDAQ
tx_0002665,2025-06-11 10:10:28,MA,342.35,720.0,sell,NYSE
tx_0004028,2025-06-11 10:10:29,AMZN,3385.42,118.0,buy,NASDAQ
tx_0004428,2025-06-11 10:10:30,MA,342.61,95.0,sell,NYSE
tx_0008482,2025-06-11 10:10:31,AAPL,147.12,508.0,sell,NASDAQ
tx_0009634,2025-06-11 10:10:32,AAPL,148.36,169.0,sell,NASDAQ
tx_0001828,2025-06-11 10:10:32,KO,54.09,616.0,sell,NYSE
tx_0007658,2025-06-11 10:10:34,NFLX,493.48,685.0,sell,NASDAQ
tx_0005946,2025-06-11 10:10:35,AMZN,3437.87,253.0,buy,NASDAQ
tx_0006817,2025-06-11 10:10:35,MCD,246.03,954.0,sell,NYSE
tx_0000683,2025-06-11 10:10:36,KO,54.36,486.0,buy,NYSE
tx_0003385,2025-06-11 10:10:36,AAPL,148.39,799.0,sell,NASDAQ
tx_0000515,2025-06-11 10:10:37,KO,53.87,887.0,sell,NYSE
tx_0004849,2025-06-11 10:10:38,MA,348.01,89.0,sell,NYSE
tx_0007193,2025-06-11 10:10:39,KO,54.49,453.0,buy,NYSE
tx_0009341,2025-06-11 10:10:41,V,222.11,393.0,buy,NYSE
tx_0002000,2025-06-11 10:10:42,ADBE,606.69,846.0,buy,NASDAQ
tx_0008788,2025-06-11 10:10:43,MCD,244.7,848.0,buy,NYSE
tx_0001489,2025-06-11 10:10:44,KO,54.31,715.0,buy,NYSE
tx_0000672,2025-06-11 10:10:46,DIS,174.03,612.0,sell,NYSE
tx_0000543,2025-06-11 10:10:46,MSFT,305.42,81.0,buy,NASDAQ
tx_0008889,2025-06-11 10:10:49,NFLX,500.25,168.0,buy,NASDAQ
tx_0008255,2025-06-11 10:10:51,NVDA,204.8,139.0,sell,NASDAQ
tx_0004968,2025-06-11 10:10:52,DIS,173.84,548.0,sell,NYSE
tx_0009631,2025-06-11 10:10:59,FB,333.9,458.0,sell,NASDAQ
tx_0009475,2025-06-11 10:11:00,NVDA,204.86,537.0,sell,NASDAQ
tx_0005323,2025-06-11 10:11:00,GOOGL,2750.07,779.0,sell,NASDAQ
tx_0000406,2025-06-11 10:11:01,KO,53.79,581.0,sell,NYSE
tx_0007693,2025-06-11 10:11:01,V,223.71,839.0,buy,NYSE
tx_0006710,2025-06-11 10:11:02,AMZN,3388.81,604.0,buy,NASDAQ
tx_0007448,2025-06-11 10:11:03,KO,54.41,33.0,sell,NYSE
tx_0000729,2025-06-11 10:11:03,ADBE,602.22,894.0,buy,NASDAQ
tx_0009107,2025-06-11 10:11:06,JNJ,169.7,909.0,sell,NYSE
tx_0008421,2025-06-11 10:11:08,AMZN,3412.61,22.0,sell,NASDAQ
tx_0002709,2025-06-11 10:11:08,MSFT,308.35,435.0,buy,NASDAQ
tx_0004483,2025-06-11 10:11:08,MCD,243.26,96.0,sell,NYSE
tx_0002966,2025-06-11 10:11:10,PEP,151.95,74.0,buy,NYSE
tx_0001695,2025-06-11 10:11:18,GOOGL,2794.73,593.0,sell,NASDAQ
tx_0009815,2025-06-11 10:11:18,PYPL,261.48,305.0,sell,NASDAQ
tx_0002508,2025-06-11 10:11:20,FB,333.34,159.0,buy,NASDAQ
tx_0001904,2025-06-11 10:11:20,AMZN,3410.55,762.0,buy,NASDAQ
tx_0006687,2025-06-11 10:11:22,AAPL,147.27,807.0,buy,NASDAQ
tx_0006777,2025-06-11 10:11:28,PEP,149.73,214.0,sell,NYSE
tx_0008579,2025-06-11 10:11:30,BRK.B,290.57,747.0,sell,NYSE
tx_0001779,2025-06-11 10:11:31,DIS,174.69,769.0,buy,NYSE
tx_0004385,2025-06-11 10:11:31,PG,143.92,838.0,buy,NYSE
tx_0003840,2025-06-11 10:11:32,JNJ,167.96,877.0,buy,NYSE
tx_0007412,2025-06-11 10:11:34,BRK.B,290.36,385.0,sell,NYSE
tx_0006454,2025-06-11 10:11:36,GOOGL,2759.24,892.0,buy,NASDAQ
tx_0005046,2025-06-11 10:11:38,BRK.B,294.99,990.0,sell,NYSE
tx_0003958,2025-06-11 10:11:39,GOOGL,2751.64,377.0,sell,NASDAQ
tx_0008322,2025-06-11 10:11:49,MCD,246.93,372.0,sell,NYSE
tx_0001312,2025-06-11 10:11:54,PYPL,,693.0,buy,NASDAQ
tx_0004148,2025-06-11 10:11:55,V,222.61,442.0,buy,NYSE
tx_0002623,2025-06-11 10:12:01,ADBE,605.02,650.0,buy,NASDAQ
tx_0008213,2025-06-11 10:12:02,FB,331.82,469.0,sell,NASDAQ
tx_0005589,2025-06-11 10:12:09,ADBE,604.73,979.0,buy,NASDAQ
tx_0000204,2025-06-11 10:12:14,PYPL,257.02,506.0,sell,NASDAQ
tx_0001674,2025-06-11 10:12:17,NVDA,204.7,290.0,buy,NASDAQ
tx_0006715,2025-06-11 10:12:20,PEP,149.47,285.0,buy,NYSE
tx_0005061,2025-06-11 10:12:21,NFLX,497.83,569.0,buy,NASDAQ
tx_0005935,2025-06-11 10:12:24,NFLX,497.67,979.0,sell,NASDAQ
tx_0009179,2025-06-11 10:12:27,MA,342.71,82.0,buy,NYSE
tx_0008869,2025-06-11 10:12:28,MSFT,308.89,172.0,buy,NASDAQ
tx_0001511,2025-06-11 10:12:28,AAPL,147.11,129.0,sell,NASDAQ
tx_0006535,2025-06-11 10:12:28,PYPL,257.6,524.0,sell,NASDAQ
tx_0001039,2025-06-11 10:12:28,PYPL,259.81,50.0,buy,NASDAQ
tx_0009089,2025-06-11 10:12:33,TSLA,707.44,86.0,buy,NASDAQ
tx_0008368,2025-06-11 10:12:33,WMT,140.13,775.0,sell,NYSE
tx_0007941,2025-06-11 10:12:36,V,221.72,51.0,sell,NYSE
tx_0003996,2025-06-11 10:12:41,AMZN,3424.59,447.0,sell,NASDAQ
tx_0004263,2025-06-11 10:12:41,JNJ,170.33,542.0,buy,NYSE
tx_0000873,2025-06-11 10:12:44,KO,54.24,168.0,buy,NYSE
tx_0009306,2025-06-11 10:12:46,MSFT,306.87,334.0,buy,NASDAQ
tx_0002349,2025-06-11 10:12:52,MA,345.99,141.0,sell,NYSE
tx_0006541,2025-06-11 10:12:56,AMZN,3391.23,785.0,buy,NASDAQ
tx_0006183,2025-06-11 10:12:58,PEP,150.47,787.0,sell,NYSE
tx_0002250,2025-06-11 10:13:02,ADBE,608.66,498.0,buy,NASDAQ
tx_0006913,2025-06-11 10:13:04,BRK.B,292.12,966.0,sell,NYSE
tx_0005845,2025-06-11 10:13:04,FB,,409.0,sell,NASDAQ
tx_0003317,2025-06-11 10:13:06,BRK.B,293.45,221.0,buy,NYSE
tx_0001278,2025-06-11 10:13:06,WMT,139.87,241.0,buy,NYSE
tx_0000116,2025-06-11 10:13:07,BRK.B,290.4,278.0,sell,NYSE
tx_0001766,2025-06-11 10:13:11,V,221.52,8.0,sell,NYSE
tx_0007894,2025-06-11 10:13:13,TSLA,715.2,124.0,sell,NASDAQ
tx_0004944,2025-06-11 10:13:17,KO,53.95,591.0,sell,NYSE
tx_0008899,2025-06-11 10:13:17,MCD,245.87,278.0,buy,NYSE
tx_0009429,2025-06-11 10:13:20,ADBE,604.24,368.0,buy,NASDAQ
tx_0001001,2025-06-11 10:13:20,BRK.B,293.83,120.0,sell,NYSE
tx_0005558,2025-06-11 10:13:21,PYPL,257.67,493.0,buy,NASDAQ
tx_0000160,2025-06-11 10:13:23,AMZN,3406.72,516.0,buy,NASDAQ
tx_0008925,2025-06-11 10:13:31,ADBE,599.2,511.0,sell,NASDAQ
tx_0003188,2025-06-11 10:13:34,JNJ,167.57,441.0,buy,NYSE
tx_0005176,2025-06-11 10:13:34,PG,141.87,394.0,buy,NYSE
tx_0007732,2025-06-11 10:13:44,GOOGL,2747.95,623.0,sell,NASDAQ
tx_0008127,2025-06-11 10:13:44,V,225.91,881.0,buy,NYSE
tx_0000959,2025-06-11 10:13:44,MSFT,304.38,212.0,buy,NASDAQ
tx_0009304,2025-06-11 10:13:44,PYPL,,704.0,buy,NASDAQ
tx_0005231,2025-06-11 10:13:53,NVDA,201.76,661.0,buy,NASDAQ
tx_0002945,2025-06-11 10:13:54,PEP,148.92,944.0,sell,NYSE
tx_0008765,2025-06-11 10:13:55,DIS,173.7,412.0,sell,NYSE
tx_0005746,2025-06-11 10:13:56,JNJ,169.82,211.0,sell,NYSE
tx_0009596,2025-06-11 10:13:57,GOOGL,,622.0,buy,NASDAQ
tx_0000811,2025-06-11 10:13:58,AAPL,147.0,554.0,buy,NASDAQ
tx_0002493,2025-06-11 10:14:00,DIS,174.74,134.0,buy,NYSE
tx_0001721,2025-06-11 10:14:02,JNJ,168.66,588.0,buy,NYSE
tx_0008766,2025-06-11 10:14:02,BRK.B,293.58,927.0,buy,NYSE
tx_0004674,2025-06-11 10:14:03,MSFT,306.88,728.0,buy,NASDAQ
tx_0006011,2025-06-11 10:14:03,NVDA,203.68,35.0,buy,NASDAQ
tx_0008726,2025-06-11 10:14:03,DIS,173.24,508.0,sell,NYSE
tx_0002411,2025-06-11 10:14:06,NFLX,503.83,527.0,sell,NASDAQ
tx_0005499,2025-06-11 10:14:09,MCD,245.26,962.0,buy,NYSE
tx_0000471,2025-06-11 10:14:13,PYPL,258.38,548.0,sell,NASDAQ
tx_0002176,2025-06-11 10:14:18,MA,344.19,316.0,sell,NYSE
tx_0006448,2025-06-11 10:14:20,FB,332.92,91.0,buy,NASDAQ
tx_0005579,2025-06-11 10:14:21,AMZN,3355.98,408.0,buy,NASDAQ
tx_0003009,2025-06-11 10:14:22,KO,53.96,469.0,sell,NYSE
tx_0002730,2025-06-11 10:14:25,JNJ,169.27,865.0,sell,NYSE
tx_0006352,2025-06-11 10:14:26,TSLA,710.12,166.0,sell,NASDAQ
tx_0007216,2025-06-11 10:14:26,MA,347.67,142.0,sell,NYSE
tx_0002045,2025-06-11 10:14:33,MSFT,308.17,121.0,buy,NASDAQ
tx_0006987,2025-06-11 10:14:34,PG,142.55,310.0,sell,NYSE
tx_0000213,2025-06-11 10:14:40,AAPL,146.02,884.0,sell,NASDAQ
tx_0001304,2025-06-11 10:14:45,AMZN,3384.52,438.0,sell,NASDAQ
tx_0009779,2025-06-11 10:14:49,PEP,149.5,854.0,buy,NYSE
tx_0007149,2025-06-11 10:14:51,KO,53.48,955.0,buy,NYSE
tx_0001257,2025-06-11 10:14:51,NVDA,202.37,677.0,buy,NASDAQ
tx_0008617,2025-06-11 10:14:54,TSLA,712.17,263.0,buy,NASDAQ
tx_0003766,2025-06-11 10:14:54,WMT,140.27,333.0,sell,NYSE
tx_0002039,2025-06-11 10:14:59,BRK.B,294.27,592.0,buy,NYSE
tx_0009100,2025-06-11 10:15:00,AAPL,145.75,728.0,sell,NASDAQ
tx_0005526,2025-06-11 10:15:01,FB,335.48,21.0,buy,NASDAQ
tx_0000334,2025-06-11 10:15:04,PYPL,261.83,999.0,sell,NASDAQ
tx_0008227,2025-06-11 10:15:04,PG,142.46,978.0,sell,NYSE
tx_0007007,2025-06-11 10:15:06,TSLA,703.35,324.0,sell,NASDAQ
tx_0006135,2025-06-11 10:15:09,NVDA,203.64,587.0,buy,NASDAQ
tx_0001207,2025-06-11 10:15:12,MCD,245.33,246.0,sell,NYSE
tx_0008110,2025-06-11 10:15:13,MA,342.59,702.0,sell,NYSE
tx_0000916,2025-06-11 10:15:13,TSLA,713.63,40.0,sell,NASDAQ
tx_0006181,2025-06-11 10:15:14,DIS,174.82,33.0,buy,
tx_0002974,2025-06-11 10:15:14,TSLA,707.09,,sell,NASDAQ
tx_0004341,2025-06-11 10:15:18,MSFT,305.94,87.0,sell,NASDAQ
tx_0000465,2025-06-11 10:15:20,MA,347.17,500.0,buy,NYSE
tx_0005170,2025-06-11 10:15:22,GOOGL,2718.61,43.0,buy,NASDAQ
tx_0002502,2025-06-11 10:15:23,NFLX,506.15,920.0,buy,NASDAQ
tx_0009506,2025-06-11 10:15:25,DIS,175.55,152.0,sell,NYSE
tx_0006163,2025-06-11 10:15:29,KO,54.11,975.0,sell,NYSE
tx_0001515,2025-06-11 10:15:30,DIS,175.76,39.0,buy,NYSE
tx_0009698,2025-06-11 10:15:31,PYPL,261.96,415.0,buy,NASDAQ
tx_0006743,2025-06-11 10:15:32,FB,331.44,944.0,sell,NASDAQ
tx_0002892,2025-06-11 10:15:36,DIS,173.98,855.0,buy,NYSE
tx_0007771,2025-06-11 10:15:37,JNJ,168.28,166.0,sell,NYSE
tx_0000705,2025-06-11 10:15:38,GOOGL,2710.7,929.0,sell,NASDAQ
tx_0007789,2025-06-11 10:15:39,ADBE,609.83,630.0,buy,NASDAQ
tx_0004459,2025-06-11 10:15:41,JNJ,166.45,568.0,sell,NYSE
tx_0000291,2025-06-11 10:15:42,JNJ,167.05,173.0,buy,NYSE
tx_0003812,2025-06-11 10:15:43,PYPL,256.88,332.0,buy,NASDAQ
tx_0008344,2025-06-11 10:15:49,GOOGL,2743.26,25.0,buy,NASDAQ
tx_0001256,2025-06-11 10:15:52,AMZN,3347.37,176.0,sell,NASDAQ
tx_0007527,2025-06-11 10:15:54,MCD,244.49,787.0,buy,NYSE
tx_0003708,2025-06-11 10:15:57,V,224.62,523.0,buy,NYSE
tx_0001577,2025-06-11 10:15:58,JNJ,168.7,127.0,buy,NYSE
tx_0009379,2025-06-11 10:15:59,GOOGL,2743.86,581.0,sell,NASDAQ
tx_0000632,2025-06-11 10:15:59,NFLX,505.64,362.0,buy,NASDAQ
tx_0002055,2025-06-11 10:16:03,FB,331.88,638.0,sell,NASDAQ
tx_0004917,2025-06-11 10:16:05,MSFT,305.0,631.0,sell,NASDAQ
tx_0006130,2025-06-11 10:16:07,WMT,140.21,399.0,buy,NYSE
tx_0000620,2025-06-11 10:16:07,KO,53.77,138.0,buy,NYSE
tx_0001954,2025-06-11 10:16:10,ADBE,599.78,860.0,buy,NASDAQ
tx_0005199,2025-06-11 10:16:12,MSFT,304.68,254.0,buy,NASDAQ
tx_0009797,2025-06-11 10:16:15,KO,53.5,475.0,buy,NYSE
tx_0001102,2025-06-11 10:16:16,V,223.55,746.0,sell,NYSE
tx_0005532,2025-06-11 10:16:16,PYPL,261.82,779.0,sell,NASDAQ
tx_0001002,2025-06-11 10:16:20,PYPL,257.32,949.0,buy,NASDAQ
tx_0008638,2025-06-11 10:16:21,PEP,148.37,463.0,buy,NYSE
tx_0005074,2025-06-11 10:16:27,MCD,243.61,98.0,sell,NYSE
tx_0005669,2025-06-11 10:16:27,PG,144.39,351.0,sell,NYSE
tx_0000769,2025-06-11 10:16:28,KO,53.55,174.0,buy,NYSE
tx_0008343,2025-06-11 10:16:29,GOOGL,,807.0,buy,NASDAQ
tx_0007429,2025-06-11 10:16:29,KO,54.01,915.0,buy,NYSE
tx_0002946,2025-06-11 10:16:33,NVDA,203.39,456.0,sell,NASDAQ
tx_0005537,2025-06-11 10:16:35,PYPL,261.16,911.0,sell,NASDAQ
tx_0005083,2025-06-11 10:16:37,GOOGL,2713.48,295.0,sell,NASDAQ
tx_0007198,2025-06-11 10:16:39,FB,337.69,525.0,sell,NASDAQ
tx_0001853,2025-06-11 10:16:45,BRK.B,291.92,239.0,buy,NYSE
tx_0004413,2025-06-11 10:16:49,BRK.B,291.93,626.0,buy,NYSE
tx_0003480,2025-06-11 10:16:55,MSFT,303.74,361.0,sell,NASDAQ
tx_0001630,2025-06-11 10:16:57,NVDA,202.25,793.0,buy,NASDAQ
tx_0005402,2025-06-11 10:17:00,PYPL,259.66,716.0,buy,NASDAQ
tx_0003963,2025-06-11 10:17:00,AMZN,3407.18,118.0,buy,NASDAQ
tx_0008880,2025-06-11 10:17:01,NVDA,202.71,842.0,buy,NASDAQ
tx_0000947,2025-06-11 10:17:03,MA,346.09,68.0,buy,NYSE
tx_0008271,2025-06-11 10:17:05,AAPL,148.46,85.0,buy,NASDAQ
tx_0004970,2025-06-11 10:17:07,BRK.B,295.43,368.0,sell,NYSE
tx_0005891,2025-06-11 10:17:10,AMZN,3408.9,960.0,buy,NASDAQ
tx_0004201,2025-06-11 10:17:11,MSFT,303.1,294.0,sell,NASDAQ
tx_0005842,2025-06-11 10:17:12,NVDA,204.56,777.0,sell,NASDAQ
tx_0002997,2025-06-11 10:17:12,AAPL,147.05,243.0,sell,NASDAQ
tx_0004669,2025-06-11 10:17:13,KO,54.01,636.0,buy,NYSE
tx_0000562,2025-06-11 10:17:14,MSFT,306.11,824.0,sell,NASDAQ
tx_0002375,2025-06-11 10:17:17,NFLX,505.28,635.0,sell,NASDAQ
tx_0000417,2025-06-11 10:17:19,AAPL,148.25,879.0,sell,NASDAQ
tx_0004801,2025-06-11 10:17:20,BRK.B,294.76,818.0,sell,NYSE
tx_0000385,2025-06-11 10:17:23,PG,144.58,67.0,buy,NYSE
tx_0003487,2025-06-11 10:17:23,DIS,174.82,32.0,sell,NYSE
tx_0003291,2025-06-11 10:17:24,PYPL,258.33,154.0,buy,
tx_0007816,2025-06-11 10:17:26,MSFT,305.32,432.0,sell,NASDAQ
tx_0008894,2025-06-11 10:17:28,MA,344.94,377.0,buy,NYSE
tx_0003780,2025-06-11 10:17:36,NFLX,505.41,961.0,sell,NASDAQ
tx_0003434,2025-06-11 10:17:39,AMZN,3414.08,,buy,NASDAQ
tx_0000195,2025-06-11 10:17:41,PEP,151.1,929.0,buy,NYSE
tx_0009666,2025-06-11 10:17:41,PG,145.35,895.0,buy,NYSE
tx_0006980,2025-06-11 10:17:41,MCD,243.74,251.0,,NYSE
tx_0001253,2025-06-11 10:17:43,FB,337.23,329.0,sell,NASDAQ
tx_0001865,2025-06-11 10:17:54,MCD,246.52,142.0,buy,NYSE
tx_0009407,2025-06-11 10:17:55,GOOGL,,886.0,buy,NASDAQ
tx_0000570,2025-06-11 10:17:58,BRK.B,295.04,917.0,sell,NYSE
tx_0007930,2025-06-11 10:17:59,JNJ,168.75,424.0,buy,NYSE
tx_0000006,2025-06-11 10:17:59,PYPL,260.91,571.0,buy,NASDAQ
tx_0009263,2025-06-11 10:18:03,NFLX,502.24,410.0,buy,NASDAQ
tx_0003323,2025-06-11 10:18:09,KO,54.25,259.0,sell,NYSE
tx_0007431,2025-06-11 10:18:11,JNJ,168.03,923.0,buy,NYSE
tx_0007212,2025-06-11 10:18:12,DIS,173.08,,buy,NYSE
tx_0007251,2025-06-11 10:18:14,BRK.B,294.4,852.0,sell,NYSE
tx_0004852,2025-06-11 10:18:19,TSLA,703.85,639.0,sell,NASDAQ
tx_0007736,2025-06-11 10:18:20,PEP,151.45,110.0,sell,NYSE
tx_0001700,2025-06-11 10:18:29,MSFT,307.07,586.0,buy,NASDAQ
tx_0006500,2025-06-11 10:18:30,AAPL,147.75,753.0,buy,NASDAQ
tx_0004556,2025-06-11 10:18:31,V,223.53,116.0,buy,NYSE
tx_0001437,2025-06-11 10:18:32,GOOGL,2721.28,910.0,sell,NASDAQ
tx_0004048,2025-06-11 10:18:37,MCD,243.16,98.0,buy,NYSE
tx_0002235,2025-06-11 10:18:39,MSFT,307.88,919.0,sell,NASDAQ
tx_0009803,2025-06-11 10:18:40,PEP,152.26,901.0,sell,NYSE
tx_0008918,2025-06-11 10:18:43,GOOGL,2736.25,608.0,buy,NASDAQ
tx_0007348,2025-06-11 10:18:46,AAPL,148.39,574.0,sell,NASDAQ
tx_0007729,2025-06-11 10:18:47,ADBE,604.77,292.0,buy,NASDAQ
tx_0002301,2025-06-11 10:18:47,DIS,172.44,,sell,NYSE
tx_0001154,2025-06-11 10:18:50,PYPL,259.02,453.0,buy,NASDAQ
tx_0000657,2025-06-11 10:18:51,MSFT,302.36,585.0,buy,NASDAQ
tx_0006750,2025-06-11 10:18:52,BRK.B,294.68,113.0,buy,NYSE
tx_0004985,2025-06-11 10:18:52,PEP,151.78,7.0,sell,NYSE
tx_0006004,2025-06-11 10:18:53,TSLA,707.21,970.0,sell,NASDAQ
tx_0007101,2025-06-11 10:18:53,NFLX,498.83,724.0,sell,NASDAQ
tx_0008124,2025-06-11 10:18:54,AAPL,146.48,870.0,buy,
tx_0008093,2025-06-11 10:18:54,DIS,173.82,829.0,buy,NYSE
tx_0007281,2025-06-11 10:18:56,NVDA,205.04,352.0,sell,NASDAQ
tx_0003617,2025-06-11 10:18:56,ADBE,608.7,906.0,sell,NASDAQ
tx_0003953,2025-06-11 10:18:58,BRK.B,290.58,828.0,buy,NYSE
tx_0001034,2025-06-11 10:18:58,AMZN,3425.91,452.0,sell,NASDAQ
tx_0006858,2025-06-11 10:19:01,NFLX,506.59,581.0,sell,NASDAQ
tx_0003558,2025-06-11 10:19:04,MA,342.15,,buy,NYSE
tx_0001145,2025-06-11 10:19:04,NVDA,,433.0,buy,NASDAQ
tx_0008577,2025-06-11 10:19:04,PG,143.7,643.0,buy,NYSE
tx_0006231,2025-06-11 10:19:05,WMT,139.99,919.0,sell,NYSE
tx_0006731,2025-06-11 10:19:13,V,224.58,255.0,buy,NYSE
tx_0006097,2025-06-11 10:19:14,WMT,142.23,887.0,sell,NYSE
tx_0008528,2025-06-11 10:19:15,PG,143.09,263.0,buy,NYSE
tx_0008702,2025-06-11 10:19:16,AAPL,148.59,837.0,sell,NASDAQ
tx_0006465,2025-06-11 10:19:16,FB,334.26,467.0,buy,NASDAQ
tx_0000674,2025-06-11 10:19:21,MSFT,305.41,438.0,buy,NASDAQ
tx_0004107,2025-06-11 10:19:22,KO,54.37,426.0,buy,NYSE
tx_0006211,2025-06-11 10:19:26,ADBE,607.89,477.0,sell,NASDAQ
tx_0000123,2025-06-11 10:19:27,TSLA,703.33,177.0,buy,NASDAQ
tx_0003322,2025-06-11 10:19:27,FB,332.23,935.0,sell,NASDAQ
tx_0000278,2025-06-11 10:19:32,PG,143.63,645.0,sell,NYSE
tx_0002977,2025-06-11 10:19:33,PYPL,259.27,501.0,sell,NASDAQ
tx_0000555,2025-06-11 10:19:39,MSFT,301.18,678.0,sell,NASDAQ
tx_0007391,2025-06-11 10:19:39,TSLA,709.44,302.0,buy,NASDAQ
tx_0000288,2025-06-11 10:19:43,BRK.B,293.85,683.0,sell,NYSE
tx_0006018,2025-06-11 10:19:48,NVDA,201.43,645.0,sell,NASDAQ
tx_0003797,2025-06-11 10:19:50,PEP,151.19,987.0,sell,NYSE
tx_0008496,2025-06-11 10:19:50,DIS,174.83,641.0,sell,NYSE
tx_0001752,2025-06-11 10:19:52,TSLA,712.43,189.0,buy,NASDAQ
tx_0000905,2025-06-11 10:19:53,GOOGL,2733.58,424.0,buy,NASDAQ
tx_0001730,2025-06-11 10:19:54,FB,334.14,550.0,sell,NASDAQ
tx_0007791,2025-06-11 10:19:55,TSLA,707.33,545.0,buy,NASDAQ
tx_0008846,2025-06-11 10:19:55,PYPL,261.97,687.0,,NASDAQ
tx_0005271,2025-06-11 10:19:58,BRK.B,290.4,459.0,buy,NYSE
tx_0005525,2025-06-11 10:19:58,NVDA,202.74,647.0,buy,NASDAQ
tx_0009583,2025-06-11 10:20:02,DIS,174.43,597.0,sell,NYSE
tx_0002721,2025-06-11 10:20:03,ADBE,604.44,330.0,sell,NASDAQ
tx_0004960,2025-06-11 10:20:09,PEP,149.72,548.0,buy,NYSE
tx_0000177,2025-06-11 10:20:09,AMZN,3372.38,515.0,sell,NASDAQ
tx_0000326,2025-06-11 10:20:16,JNJ,167.55,145.0,buy,NYSE
tx_0004032,2025-06-11 10:20:20,PEP,151.5,595.0,sell,NYSE
tx_0006208,2025-06-11 10:20:20,KO,53.81,750.0,sell,NYSE
tx_0000941,2025-06-11 10:20:23,AAPL,147.31,832.0,buy,NASDAQ
tx_0000661,2025-06-11 10:20:25,TSLA,701.06,530.0,buy,NASDAQ
tx_0008238,2025-06-11 10:20:30,FB,331.17,416.0,buy,NASDAQ
tx_0000927,2025-06-11 10:20:31,ADBE,604.65,825.0,sell,NASDAQ
tx_0000534,2025-06-11 10:20:32,MSFT,303.77,773.0,sell,NASDAQ
tx_0005896,2025-06-11 10:20:35,TSLA,703.43,841.0,sell,NASDAQ
tx_0004424,2025-06-11 10:20:36,WMT,140.26,148.0,buy,NYSE
tx_0006526,2025-06-11 10:20:37,AAPL,147.3,57.0,sell,NASDAQ
tx_0004002,2025-06-11 10:20:39,NFLX,504.09,367.0,sell,NASDAQ
tx_0003452,2025-06-11 10:20:46,ADBE,609.73,508.0,buy,NASDAQ
tx_0006224,2025-06-11 10:20:47,MSFT,301.59,866.0,buy,NASDAQ
tx_0007433,2025-06-11 10:20:53,MA,345.65,1.0,sell,NYSE
tx_0006586,2025-06-11 10:20:57,BRK.B,293.81,584.0,sell,NYSE
tx_0009432,2025-06-11 10:20:58,NFLX,500.97,229.0,buy,NASDAQ
tx_0004425,2025-06-11 10:20:59,JNJ,169.32,15.0,sell,NYSE
tx_0009720,2025-06-11 10:21:01,PG,143.12,950.0,sell,NYSE
tx_0007759,2025-06-11 10:21:02,PEP,148.59,434.0,buy,NYSE
tx_0003396,2025-06-11 10:21:05,AAPL,147.87,733.0,buy,NASDAQ
tx_0003806,2025-06-11 10:21:07,PYPL,258.73,914.0,sell,NASDAQ
tx_0004138,2025-06-11 10:21:10,DIS,172.29,24.0,sell,NYSE
tx_0000063,2025-06-11 10:21:16,NFLX,501.54,162.0,sell,NASDAQ
tx_0000728,2025-06-11 10:21:19,AAPL,149.3,784.0,sell,NASDAQ
tx_0006848,2025-06-11 10:21:19,AMZN,3427.92,51.0,sell,NASDAQ
tx_0003658,2025-06-11 10:21:23,PEP,151.25,830.0,buy,NYSE
tx_0008061,2025-06-11 10:21:26,V,221.84,353.0,buy,NYSE
tx_0001155,2025-06-11 10:21:26,NFLX,503.35,978.0,buy,NASDAQ
tx_0009317,2025-06-11 10:21:29,WMT,139.81,914.0,buy,NYSE
tx_0003949,2025-06-11 10:21:29,NFLX,498.08,10.0,sell,NASDAQ
tx_0008462,2025-06-11 10:21:31,KO,53.21,652.0,buy,NYSE
tx_0008042,2025-06-11 10:21:31,PEP,149.83,945.0,buy,NYSE
tx_0006909,2025-06-11 10:21:35,TSLA,708.34,194.0,sell,NASDAQ
tx_0003315,2025-06-11 10:21:38,GOOGL,2702.53,581.0,sell,NASDAQ
tx_0001296,2025-06-11 10:21:44,MCD,245.4,796.0,sell,NYSE
tx_0005483,2025-06-11 10:21:44,PYPL,261.95,359.0,sell,NASDAQ
tx_0008191,2025-06-11 10:21:44,AAPL,148.89,507.0,buy,NASDAQ
tx_0005166,2025-06-11 10:21:45,PEP,149.14,186.0,sell,NYSE
tx_0006886,2025-06-11 10:21:46,NFLX,499.52,196.0,sell,NASDAQ
tx_0006428,2025-06-11 10:21:48,PEP,150.12,893.0,sell,NYSE
tx_0000558,2025-06-11 10:21:48,FB,332.92,68.0,sell,NASDAQ
tx_0007584,2025-06-11 10:21:49,KO,53.57,379.0,buy,NYSE
tx_0003489,2025-06-11 10:21:49,ADBE,612.22,73.0,buy,NASDAQ
tx_0000908,2025-06-11 10:21:52,KO,53.92,877.0,buy,NYSE
tx_0002567,2025-06-11 10:21:52,TSLA,706.77,623.0,buy,NASDAQ
tx_0007421,2025-06-11 10:21:53,PYPL,261.33,354.0,buy,NASDAQ
tx_0006554,2025-06-11 10:21:54,AAPL,147.79,919.0,sell,NASDAQ
tx_0001418,2025-06-11 10:21:55,PG,145.39,438.0,buy,NYSE
tx_0002806,2025-06-11 10:21:56,GOOGL,2710.72,994.0,buy,NASDAQ
tx_0004212,2025-06-11 10:21:58,BRK.B,295.18,815.0,buy,NYSE
tx_0006564,2025-06-11 10:21:58,JNJ,168.88,880.0,sell,NYSE
tx_0004067,2025-06-11 10:21:58,WMT,141.49,353.0,sell,NYSE
tx_0002447,2025-06-11 10:21:59,MCD,247.35,232.0,sell,NYSE
tx_0007784,2025-06-11 10:22:00,AMZN,3446.07,967.0,sell,NASDAQ
tx_0003389,2025-06-11 10:22:00,DIS,174.73,332.0,sell,NYSE
tx_0001287,2025-06-11 10:22:03,BRK.B,295.4,417.0,buy,NYSE
tx_0002454,2025-06-11 10:22:03,FB,335.19,194.0,buy,NASDAQ
tx_0003528,2025-06-11 10:22:04,PG,145.22,921.0,buy,NYSE
tx_0000317,2025-06-11 10:22:06,WMT,139.35,416.0,sell,NYSE
tx_0001844,2025-06-11 10:22:08,PEP,150.37,870.0,buy,NYSE
tx_0001644,2025-06-11 10:22:09,MSFT,302.16,804.0,sell,NASDAQ
tx_0007568,2025-06-11 10:22:10,AMZN,3436.83,992.0,buy,NASDAQ
tx_0000509,2025-06-11 10:22:10,PEP,149.52,798.0,buy,NYSE
tx_0004778,2025-06-11 10:22:14,NVDA,201.81,839.0,sell,NASDAQ
tx_0003655,2025-06-11 10:22:15,FB,331.34,295.0,sell,NASDAQ
tx_0007020,2025-06-11 10:22:15,MSFT,304.22,745.0,buy,NASDAQ
tx_0005308,2025-06-11 10:22:24,MSFT,303.82,403.0,buy,NASDAQ
tx_0006800,2025-06-11 10:22:30,KO,54.01,212.0,sell,NYSE
tx_0000107,2025-06-11 10:22:30,KO,53.31,795.0,sell,NYSE
tx_0009129,2025-06-11 10:22:32,AMZN,3425.76,271.0,buy,NASDAQ
tx_0002584,2025-06-11 10:22:33,MCD,247.47,896.0,sell,NYSE
tx_0004622,2025-06-11 10:22:37,V,220.67,22.0,sell,NYSE
tx_0005702,2025-06-11 10:22:39,AMZN,3410.58,194.0,sell,NASDAQ
tx_0002307,2025-06-11 10:22:41,MCD,246.32,492.0,sell,NYSE
tx_0001607,2025-06-11 10:22:42,MSFT,300.06,46.0,sell,NASDAQ
tx_0009530,2025-06-11 10:22:43,FB,329.43,746.0,buy,NASDAQ
tx_0002530,2025-06-11 10:22:44,FB,335.47,245.0,buy,NASDAQ
tx_0007360,2025-06-11 10:22:45,V,223.94,948.0,buy,NYSE
tx_0001613,2025-06-11 10:22:45,GOOGL,2730.96,542.0,buy,NASDAQ
tx_0000833,2025-06-11 10:22:47,ADBE,610.11,173.0,buy,NASDAQ
tx_0005673,2025-06-11 10:22:49,JNJ,168.19,872.0,sell,NYSE
tx_0005093,2025-06-11 10:22:49,DIS,173.06,207.0,buy,NYSE
tx_0009482,2025-06-11 10:22:52,KO,54.3,909.0,sell,NYSE
tx_0006074,2025-06-11 10:22:54,JNJ,168.2,30.0,sell,NYSE
tx_0001044,2025-06-11 10:22:56,WMT,141.13,581.0,buy,NYSE
tx_0006089,2025-06-11 10:22:58,JNJ,168.88,285.0,buy,NYSE
tx_0005547,2025-06-11 10:22:58,FB,330.77,58.0,sell,NASDAQ
tx_0004485,2025-06-11 10:23:04,ADBE,603.66,671.0,sell,NASDAQ
tx_0003353,2025-06-11 10:23:07,KO,53.54,84.0,sell,NYSE
tx_0009533,2025-06-11 10:23:07,MSFT,301.11,538.0,sell,NASDAQ
tx_0007143,2025-06-11 10:23:09,WMT,139.51,77.0,buy,NYSE
tx_0007295,2025-06-11 10:23:12,PG,143.79,830.0,sell,NYSE
tx_0003066,2025-06-11 10:23:15,JNJ,167.99,466.0,sell,NYSE
tx_0007096,2025-06-11 10:23:15,MSFT,299.53,342.0,sell,NASDAQ
tx_0004019,2025-06-11 10:23:17,PG,144.35,744.0,buy,NYSE
tx_0001829,2025-06-11 10:23:20,JNJ,168.53,251.0,buy,NYSE
tx_0009727,2025-06-11 10:23:28,NVDA,202.25,956.0,sell,NASDAQ
tx_0001753,2025-06-11 10:23:34,MSFT,300.54,660.0,buy,NASDAQ
tx_0003641,2025-06-11 10:23:35,GOOGL,2744.81,484.0,sell,NASDAQ
tx_0005977,2025-06-11 10:23:37,DIS,173.99,160.0,buy,NYSE
tx_0001592,2025-06-11 10:23:38,JNJ,169.15,215.0,buy,NYSE
tx_0007237,2025-06-11 10:23:44,V,220.71,136.0,sell,NYSE
tx_0003697,2025-06-11 10:23:45,KO,53.19,866.0,buy,NYSE
tx_0000541,2025-06-11 10:23:46,MSFT,304.26,512.0,sell,NASDAQ
tx_0001692,2025-06-11 10:23:48,KO,53.57,456.0,buy,NYSE
tx_0004988,2025-06-11 10:23:50,WMT,139.66,59.0,buy,NYSE
tx_0002627,2025-06-11 10:23:53,KO,54.22,473.0,sell,NYSE
tx_0005048,2025-06-11 10:23:56,AMZN,3423.94,579.0,buy,NASDAQ
tx_0002778,2025-06-11 10:24:02,JNJ,169.01,329.0,buy,NYSE
tx_0005848,2025-06-11 10:24:02,MCD,250.19,325.0,sell,NYSE
tx_0004443,2025-06-11 10:24:03,ADBE,602.7,839.0,sell,NASDAQ
tx_0006414,2025-06-11 10:24:03,NVDA,202.8,102.0,buy,NASDAQ
tx_0008986,2025-06-11 10:24:04,WMT,140.68,278.0,buy,NYSE
tx_0009762,2025-06-11 10:24:06,AAPL,146.7,457.0,sell,NASDAQ
tx_0007239,2025-06-11 10:24:10,PYPL,261.89,492.0,buy,NASDAQ
tx_0005374,2025-06-11 10:24:13,JNJ,167.12,411.0,sell,NYSE
tx_0005710,2025-06-11 10:24:16,MSFT,303.71,861.0,buy,NASDAQ
tx_0003924,2025-06-11 10:24:19,GOOGL,2741.83,93.0,buy,NASDAQ
tx_0009941,2025-06-11 10:24:21,WMT,140.51,8.0,sell,NYSE
tx_0007501,2025-06-11 10:24:22,AAPL,147.22,795.0,buy,NASDAQ
tx_0009601,2025-06-11 10:24:25,FB,335.76,211.0,buy,NASDAQ
tx_0005659,2025-06-11 10:24:27,PYPL,260.52,,buy,NASDAQ
tx_0002021,2025-06-11 10:24:29,V,223.62,506.0,buy,NYSE
tx_0007192,2025-06-11 10:24:30,PG,144.57,209.0,buy,NYSE
tx_0000895,2025-06-11 10:24:31,AAPL,147.63,703.0,sell,NASDAQ
tx_0008879,2025-06-11 10:24:32,KO,54.36,149.0,buy,NYSE
tx_0007735,2025-06-11 10:24:32,JNJ,168.28,736.0,sell,NYSE
tx_0007343,2025-06-11 10:24:33,FB,331.58,506.0,buy,NASDAQ
tx_0001342,2025-06-11 10:24:37,NFLX,499.01,524.0,buy,NASDAQ
tx_0006632,2025-06-11 10:24:38,AMZN,3406.39,271.0,sell,NASDAQ
tx_0002624,2025-06-11 10:24:39,PYPL,260.62,79.0,sell,NASDAQ
tx_0000670,2025-06-11 10:24:41,MCD,249.46,873.0,sell,NYSE
tx_0000455,2025-06-11 10:24:44,NVDA,200.36,818.0,buy,NASDAQ
tx_0000896,2025-06-11 10:24:51,ADBE,611.19,694.0,sell,NASDAQ
tx_0001052,2025-06-11 10:24:57,DIS,175.57,723.0,buy,NYSE
tx_0000574,2025-06-11 10:24:59,AAPL,148.4,91.0,sell,NASDAQ
tx_0004147,2025-06-11 10:24:59,PG,144.81,538.0,buy,NYSE
tx_0000925,2025-06-11 10:25:00,V,220.71,376.0,sell,NYSE
tx_0008395,2025-06-11 10:25:05,MA,341.35,762.0,buy,NYSE
tx_0005607,2025-06-11 10:25:22,KO,53.42,252.0,sell,NYSE
tx_0004281,2025-06-11 10:25:24,AAPL,147.13,398.0,buy,NASDAQ
tx_0002789,2025-06-11 10:25:24,AMZN,3433.07,375.0,buy,NASDAQ
tx_0008417,2025-06-11 10:25:28,FB,336.47,260.0,buy,NASDAQ
tx_0001338,2025-06-11 10:25:29,FB,330.94,420.0,sell,NASDAQ
tx_0006906,2025-06-11 10:25:31,PG,144.43,232.0,sell,NYSE
tx_0001751,2025-06-11 10:25:31,GOOGL,2749.8,875.0,sell,NASDAQ
tx_0009930,2025-06-11 10:25:35,DIS,173.53,812.0,sell,NYSE
tx_0008502,2025-06-11 10:25:36,GOOGL,2742.57,267.0,sell,NASDAQ
tx_0005413,2025-06-11 10:25:37,GOOGL,2735.41,176.0,sell,NASDAQ
tx_0004650,2025-06-11 10:25:39,MSFT,300.75,236.0,sell,NASDAQ
tx_0009822,2025-06-11 10:25:41,V,222.11,682.0,sell,NYSE
tx_0009454,2025-06-11 10:25:42,PYPL,261.75,51.0,sell,NASDAQ
tx_0008861,2025-06-11 10:25:43,NFLX,498.12,379.0,buy,NASDAQ
tx_0006140,2025-06-11 10:25:50,DIS,176.03,183.0,buy,NYSE
tx_0004380,2025-06-11 10:25:53,PYPL,260.52,792.0,sell,NASDAQ
tx_0007718,2025-06-11 10:25:54,AMZN,3390.47,382.0,buy,NASDAQ
tx_0006963,2025-06-11 10:26:01,MSFT,301.8,295.0,buy,NASDAQ
tx_0006825,2025-06-11 10:26:06,AAPL,146.78,643.0,buy,NASDAQ
tx_0000709,2025-06-11 10:26:09,MSFT,303.51,573.0,buy,NASDAQ
tx_0002618,2025-06-11 10:26:10,KO,53.69,237.0,buy,NYSE
tx_0001505,2025-06-11 10:26:13,KO,53.77,901.0,buy,NYSE
tx_0006892,2025-06-11 10:26:13,NVDA,203.73,563.0,sell,NASDAQ
tx_0002226,2025-06-11 10:26:15,ADBE,605.64,622.0,sell,NASDAQ
tx_0009589,2025-06-11 10:26:20,AMZN,3410.77,274.0,buy,NASDAQ
tx_0007700,2025-06-11 10:26:22,WMT,139.96,920.0,buy,NYSE
tx_0008580,2025-06-11 10:26:27,KO,53.77,67.0,buy,NYSE
tx_0007651,2025-06-11 10:26:28,PYPL,260.88,305.0,buy,NASDAQ
tx_0009807,2025-06-11 10:26:32,V,223.28,896.0,buy,NYSE
tx_0000420,2025-06-11 10:26:37,BRK.B,293.25,460.0,sell,NYSE
tx_0002582,2025-06-11 10:26:38,FB,331.16,645.0,buy,NASDAQ
tx_0003089,2025-06-11 10:26:39,V,224.57,730.0,sell,NYSE
tx_0009832,2025-06-11 10:26:47,MA,345.3,953.0,sell,NYSE
tx_0000809,2025-06-11 10:26:53,FB,331.4,861.0,sell,NASDAQ
tx_0005565,2025-06-11 10:26:54,WMT,139.69,99.0,sell,NYSE
tx_0007858,2025-06-11 10:27:00,NFLX,496.97,200.0,buy,NASDAQ
tx_0009985,2025-06-11 10:27:01,PYPL,261.68,536.0,sell,NASDAQ
tx_0000628,2025-06-11 10:27:02,DIS,175.95,248.0,sell,NYSE
tx_0002084,2025-06-11 10:27:09,DIS,175.04,916.0,buy,NYSE
tx_0004168,2025-06-11 10:27:12,ADBE,601.45,545.0,buy,NASDAQ
tx_0006098,2025-06-11 10:27:14,MSFT,300.8,557.0,buy,NASDAQ
tx_0000713,2025-06-11 10:27:15,MA,342.28,827.0,buy,NYSE
tx_0002581,2025-06-11 10:27:25,GOOGL,2735.14,593.0,buy,NASDAQ
tx_0003083,2025-06-11 10:27:25,V,220.71,428.0,buy,NYSE
tx_0009345,2025-06-11 10:27:31,GOOGL,2748.91,909.0,buy,NASDAQ
tx_0009248,2025-06-11 10:27:31,AMZN,3390.74,742.0,buy,NASDAQ
tx_0001962,2025-06-11 10:27:32,MA,343.53,111.0,buy,NYSE
tx_0006707,2025-06-11 10:27:35,PG,142.89,408.0,buy,NYSE
tx_0009412,2025-06-11 10:27:36,GOOGL,2733.88,897.0,buy,NASDAQ
tx_0005610,2025-06-11 10:27:37,V,224.92,506.0,sell,
tx_0000024,2025-06-11 10:27:42,ADBE,604.38,567.0,sell,NASDAQ
tx_0009406,2025-06-11 10:27:44,PG,144.6,527.0,buy,NYSE
tx_0008063,2025-06-11 10:27:47,BRK.B,296.15,906.0,sell,NYSE
tx_0005450,2025-06-11 10:27:47,PG,144.98,395.0,sell,NYSE
tx_0007722,2025-06-11 10:27:49,DIS,174.93,170.0,sell,NYSE
tx_0002511,2025-06-11 10:27:49,TSLA,723.67,845.0,sell,NASDAQ
tx_0002690,2025-06-11 10:27:50,BRK.B,296.15,251.0,sell,NYSE
tx_0000548,2025-06-11 10:27:55,NVDA,201.95,945.0,sell,NASDAQ
tx_0000079,2025-06-11 10:27:58,AMZN,3392.47,865.0,buy,NASDAQ
tx_0009185,2025-06-11 10:27:59,WMT,141.08,650.0,sell,NYSE
tx_0002652,2025-06-11 10:28:03,V,225.07,691.0,sell,NYSE
tx_0006835,2025-06-11 10:28:03,WMT,139.63,812.0,buy,NYSE
tx_0004005,2025-06-11 10:28:03,NFLX,499.0,951.0,buy,NASDAQ
tx_0004710,2025-06-11 10:28:04,PG,143.55,412.0,sell,NYSE
tx_0009519,2025-06-11 10:28:06,NFLX,499.0,431.0,sell,NASDAQ
tx_0009151,2025-06-11 10:28:09,GOOGL,2735.96,647.0,buy,NASDAQ
tx_0008166,2025-06-11 10:28:12,WMT,139.77,219.0,buy,NYSE
tx_0008222,2025-06-11 10:28:14,AMZN,3349.22,899.0,buy,NASDAQ
tx_0005089,2025-06-11 10:28:14,MA,338.81,776.0,buy,NYSE
tx_0006491,2025-06-11 10:28:16,GOOGL,2739.31,764.0,sell,NASDAQ
tx_0006306,2025-06-11 10:28:23,MA,345.26,859.0,buy,NYSE
tx_0000731,2025-06-11 10:28:29,ADBE,605.41,291.0,buy,NASDAQ
tx_0000313,2025-06-11 10:28:34,NFLX,506.82,312.0,buy,NASDAQ
tx_0006935,2025-06-11 10:28:35,MSFT,297.79,812.0,sell,NASDAQ
tx_0003611,2025-06-11 10:28:37,AAPL,149.34,999.0,sell,NASDAQ
tx_0003112,2025-06-11 10:28:38,FB,335.45,286.0,buy,NASDAQ
tx_0004103,2025-06-11 10:28:40,BRK.B,292.32,155.0,sell,NYSE
tx_0006656,2025-06-11 10:28:41,MSFT,303.3,863.0,sell,NASDAQ
tx_0001243,2025-06-11 10:28:43,MSFT,300.04,626.0,buy,NASDAQ
tx_0004842,2025-06-11 10:28:43,GOOGL,2751.97,701.0,sell,NASDAQ
tx_0006769,2025-06-11 10:28:43,NFLX,505.08,639.0,sell,NASDAQ
tx_0001542,2025-06-11 10:28:46,PYPL,256.62,563.0,buy,NASDAQ
tx_0007279,2025-06-11 10:28:49,MA,339.22,517.0,sell,NYSE
tx_0004687,2025-06-11 10:28:49,JNJ,168.07,48.0,buy,NYSE
tx_0005855,2025-06-11 10:28:58,PG,142.94,674.0,buy,NYSE
tx_0001336,2025-06-11 10:28:58,PEP,149.32,358.0,buy,NYSE
tx_0001013,2025-06-11 10:29:02,PEP,148.83,692.0,buy,NYSE
tx_0004929,2025-06-11 10:29:03,KO,52.98,789.0,sell,NYSE
tx_0003984,2025-06-11 10:29:05,ADBE,600.97,779.0,buy,NASDAQ
tx_0001360,2025-06-11 10:29:08,AMZN,3424.07,76.0,sell,NASDAQ
tx_0009860,2025-06-11 10:29:11,PEP,150.35,724.0,buy,NYSE
tx_0000907,2025-06-11 10:29:14,KO,53.32,23.0,buy,NYSE
tx_0009005,2025-06-11 10:29:15,JNJ,168.72,785.0,buy,NYSE
tx_0007215,2025-06-11 10:29:18,NVDA,200.27,480.0,buy,NASDAQ
tx_0004164,2025-06-11 10:29:19,ADBE,598.08,93.0,buy,NASDAQ
tx_0005869,2025-06-11 10:29:19,BRK.B,294.11,104.0,buy,NYSE
tx_0003044,2025-06-11 10:29:22,MSFT,301.84,122.0,sell,NASDAQ
tx_0001383,2025-06-11 10:29:23,AAPL,149.13,999.0,buy,NASDAQ
tx_0002689,2025-06-11 10:29:24,MCD,245.31,409.0,buy,NYSE
tx_0003244,2025-06-11 10:29:24,NVDA,202.71,501.0,buy,NASDAQ
tx_0008057,2025-06-11 10:29:28,JNJ,168.35,853.0,sell,NYSE
tx_0002205,2025-06-11 10:29:32,GOOGL,2763.03,179.0,sell,NASDAQ
tx_0002625,2025-06-11 10:29:32,AAPL,147.1,47.0,sell,NASDAQ
tx_0002842,2025-06-11 10:29:36,MCD,248.77,62.0,buy,NYSE
tx_0004449,2025-06-11 10:29:40,MSFT,299.31,171.0,buy,NASDAQ
tx_0004117,2025-06-11 10:29:41,FB,,227.0,buy,NASDAQ
tx_0008955,2025-06-11 10:29:42,DIS,175.28,251.0,buy,NYSE
tx_0003463,2025-06-11 10:29:46,PEP,147.73,422.0,buy,
tx_0007817,2025-06-11 10:29:47,WMT,140.71,199.0,sell,NYSE
tx_0009486,2025-06-11 10:29:48,NVDA,200.84,50.0,sell,NASDAQ
tx_0002364,2025-06-11 10:29:49,WMT,139.21,198.0,buy,NYSE
tx_0002557,2025-06-11 10:29:49,V,221.97,613.0,sell,NYSE
tx_0002417,2025-06-11 10:29:50,JNJ,169.17,176.0,buy,NYSE
tx_0009597,2025-06-11 10:29:50,NFLX,509.81,306.0,sell,NASDAQ
tx_0001366,2025-06-11 10:29:52,PG,142.42,758.0,sell,NYSE
tx_0004373,2025-06-11 10:29:55,PEP,148.99,591.0,sell,NYSE
tx_0002423,2025-06-11 10:29:55,GOOGL,2761.44,567.0,buy,NASDAQ
tx_0002418,2025-06-11 10:29:55,NVDA,202.28,829.0,sell,NASDAQ
tx_0005630,2025-06-11 10:29:57,NVDA,201.62,534.0,buy,
tx_0002003,2025-06-11 10:29:58,KO,52.73,446.0,buy,NYSE
tx_0007591,2025-06-11 10:30:00,PEP,149.42,919.0,sell,NYSE
tx_0006698,2025-06-11 10:30:01,TSLA,728.37,633.0,sell,NASDAQ
tx_0002854,2025-06-11 10:30:05,TSLA,719.56,982.0,sell,NASDAQ
tx_0007292,2025-06-11 10:30:07,MA,344.65,714.0,sell,NYSE
tx_0007940,2025-06-11 10:30:10,AAPL,148.26,984.0,buy,NASDAQ
tx_0003846,2025-06-11 10:30:12,WMT,139.94,950.0,sell,NYSE
tx_0007051,2025-06-11 10:30:13,V,223.1,544.0,buy,NYSE
tx_0002407,2025-06-11 10:30:14,MCD,244.64,414.0,sell,NYSE
tx_0006627,2025-06-11 10:30:15,DIS,174.51,38.0,sell,NYSE
tx_0000651,2025-06-11 10:30:17,DIS,174.75,209.0,buy,NYSE
tx_0001533,2025-06-11 10:30:18,FB,336.74,73.0,buy,NASDAQ
tx_0009876,2025-06-11 10:30:18,MA,344.34,38.0,buy,NYSE
tx_0004987,2025-06-11 10:30:20,AMZN,3371.69,403.0,buy,NASDAQ
tx_0009146,2025-06-11 10:30:23,DIS,173.67,587.0,buy,NYSE
tx_0004203,2025-06-11 10:30:24,DIS,175.9,626.0,buy,NYSE
tx_0000308,2025-06-11 10:30:27,MA,339.66,132.0,sell,NYSE
tx_0003390,2025-06-11 10:30:27,NFLX,505.76,285.0,buy,NASDAQ
tx_0004200,2025-06-11 10:30:29,PEP,148.44,589.0,sell,NYSE
tx_0003871,2025-06-11 10:30:32,TSLA,720.98,653.0,sell,NASDAQ
tx_0008737,2025-06-11 10:30:33,V,221.98,387.0,sell,NYSE
tx_0006056,2025-06-11 10:30:34,PG,142.67,440.0,buy,NYSE
tx_0007288,2025-06-11 10:30:35,AAPL,150.0,351.0,buy,NASDAQ
tx_0008054,2025-06-11 10:30:37,V,225.57,642.0,buy,NYSE
tx_0007338,2025-06-11 10:30:37,FB,333.62,503.0,sell,NASDAQ
tx_0005265,2025-06-11 10:30:38,ADBE,604.48,283.0,buy,NASDAQ
tx_0005025,2025-06-11 10:30:41,NVDA,203.11,796.0,sell,NASDAQ
tx_0001219,2025-06-11 10:30:43,BRK.B,295.01,968.0,buy,NYSE
tx_0002975,2025-06-11 10:30:45,PYPL,254.4,765.0,buy,NASDAQ
tx_0003399,2025-06-11 10:30:48,PG,142.71,677.0,,NYSE
tx_0007659,2025-06-11 10:30:51,AAPL,149.56,779.0,sell,NASDAQ
tx_0008046,2025-06-11 10:30:54,KO,,354.0,buy,NYSE
tx_0006370,2025-06-11 10:30:59,AMZN,3376.61,858.0,buy,NASDAQ
tx_0001401,2025-06-11 10:31:01,KO,53.31,678.0,buy,NYSE
tx_0004325,2025-06-11 10:31:02,MCD,245.11,438.0,buy,NYSE
tx_0008938,2025-06-11 10:31:03,MSFT,297.7,913.0,buy,NASDAQ
tx_0001462,2025-06-11 10:31:04,DIS,174.91,698.0,buy,NYSE
tx_0002868,2025-06-11 10:31:04,FB,337.75,496.0,sell,NASDAQ
tx_0004441,2025-06-11 10:31:06,FB,334.94,67.0,sell,NASDAQ
tx_0006748,2025-06-11 10:31:09,V,226.08,280.0,buy,NYSE
tx_0001298,2025-06-11 10:31:10,MCD,249.03,763.0,buy,NYSE
tx_0001788,2025-06-11 10:31:12,BRK.B,294.74,115.0,buy,NYSE
tx_0007303,2025-06-11 10:31:13,BRK.B,296.59,802.0,sell,NYSE
tx_0004000,2025-06-11 10:31:14,PYPL,255.48,201.0,sell,NASDAQ
tx_0003657,2025-06-11 10:31:21,PG,142.21,535.0,buy,NYSE
tx_0003182,2025-06-11 10:31:22,PG,143.42,151.0,,NYSE
tx_0005318,2025-06-11 10:31:23,MSFT,302.31,748.0,sell,NASDAQ
tx_0005343,2025-06-11 10:31:26,WMT,140.58,932.0,sell,NYSE
tx_0008586,2025-06-11 10:31:27,GOOGL,2758.81,74.0,buy,NASDAQ
tx_0006677,2025-06-11 10:31:28,MCD,249.42,50.0,buy,NYSE
tx_0004673,2025-06-11 10:31:31,FB,336.55,702.0,buy,NASDAQ
tx_0009395,2025-06-11 10:31:31,PEP,149.46,718.0,buy,NYSE
tx_0007637,2025-06-11 10:31:34,BRK.B,295.72,232.0,sell,NYSE
tx_0001431,2025-06-11 10:31:37,MSFT,303.03,115.0,sell,NASDAQ
tx_0001433,2025-06-11 10:31:38,FB,335.79,796.0,buy,NASDAQ
tx_0006357,2025-06-11 10:31:39,JNJ,169.26,154.0,sell,NYSE
tx_0000359,2025-06-11 10:31:39,PEP,149.0,666.0,sell,NYSE
tx_0000708,2025-06-11 10:31:41,TSLA,716.53,583.0,buy,NASDAQ
tx_0006064,2025-06-11 10:31:42,AMZN,,978.0,sell,NASDAQ
tx_0006798,2025-06-11 10:31:42,GOOGL,2786.72,274.0,buy,NASDAQ
tx_0000358,2025-06-11 10:31:43,DIS,175.89,249.0,buy,NYSE
tx_0000503,2025-06-11 10:31:44,PYPL,258.51,734.0,buy,NASDAQ
tx_0001068,2025-06-11 10:31:46,KO,53.27,313.0,sell,NYSE
tx_0008104,2025-06-11 10:31:47,PYPL,256.27,965.0,sell,NASDAQ
tx_0002091,2025-06-11 10:31:48,ADBE,599.58,340.0,sell,NASDAQ
tx_0009063,2025-06-11 10:31:50,WMT,139.32,46.0,sell,NYSE
tx_0004998,2025-06-11 10:31:53,MSFT,300.6,451.0,buy,NASDAQ
tx_0008115,2025-06-11 10:31:54,KO,53.41,375.0,sell,NYSE
tx_0002642,2025-06-11 10:31:54,KO,52.74,142.0,buy,NYSE
tx_0000564,2025-06-11 10:31:56,BRK.B,292.21,745.0,buy,NYSE
tx_0002995,2025-06-11 10:31:56,JNJ,167.67,647.0,buy,NYSE
tx_0004576,2025-06-11 10:31:58,MSFT,298.33,829.0,sell,NASDAQ
tx_0009036,2025-06-11 10:31:59,NVDA,202.6,240.0,buy,NASDAQ
tx_0004421,2025-06-11 10:32:00,GOOGL,2755.92,933.0,buy,NASDAQ
tx_0003162,2025-06-11 10:32:00,AMZN,3369.44,117.0,buy,NASDAQ
tx_0004279,2025-06-11 10:32:08,PYPL,256.93,679.0,sell,NASDAQ
tx_0008410,2025-06-11 10:32:10,V,223.63,217.0,buy,NYSE
tx_0004466,2025-06-11 10:32:13,NFLX,509.35,290.0,buy,NASDAQ
tx_0006268,2025-06-11 10:32:18,ADBE,592.33,33.0,buy,NASDAQ
tx_0009360,2025-06-11 10:32:19,BRK.B,296.58,734.0,buy,NYSE
tx_0005037,2025-06-11 10:32:27,V,224.36,250.0,buy,NYSE
tx_0005981,2025-06-11 10:32:30,AAPL,148.12,573.0,sell,NASDAQ
tx_0003160,2025-06-11 10:32:32,V,223.95,407.0,buy,NYSE
tx_0000456,2025-06-11 10:32:32,AMZN,3381.41,205.0,buy,NASDAQ
tx_0002165,2025-06-11 10:32:39,AAPL,147.82,660.0,sell,NASDAQ
tx_0000618,2025-06-11 10:32:40,KO,52.53,213.0,sell,NYSE
tx_0006244,2025-06-11 10:32:42,AMZN,3380.55,728.0,sell,NASDAQ
tx_0000146,2025-06-11 10:32:44,WMT,140.13,113.0,buy,NYSE
tx_0002958,2025-06-11 10:32:51,MCD,246.68,381.0,buy,NYSE
tx_0008105,2025-06-11 10:32:52,MA,340.54,997.0,sell,NYSE
tx_0005508,2025-06-11 10:32:53,DIS,176.74,97.0,sell,NYSE
tx_0002900,2025-06-11 10:33:00,FB,335.27,188.0,sell,NASDAQ
