transaction_id,timestamp,stock_symbol,price,quantity,order_type,exchange
tx_0006498,2025-06-10 09:30:00,ADBE,604.42,469.0,sell,NASDAQ
tx_0006405,2025-06-10 09:30:02,ADBE,605.17,56.0,sell,NASDAQ
tx_0005119,2025-06-10 09:30:06,PG,138.83,539.0,sell,NYSE
tx_0001542,2025-06-10 09:30:09,JNJ,169.0,924.0,buy,NYSE
tx_0005760,2025-06-10 09:30:12,V,220.23,601.0,buy,NYSE
tx_0002861,2025-06-10 09:30:14,WMT,140.52,140.0,sell,NYSE
tx_0007656,2025-06-10 09:30:15,V,220.83,273.0,buy,NYSE
tx_0005060,2025-06-10 09:30:21,KO,54.71,229.0,sell,NYSE
tx_0009934,2025-06-10 09:30:24,PYPL,251.4,135.0,buy,NASDAQ
tx_0007989,2025-06-10 09:30:24,PYPL,249.03,115.0,buy,NASDAQ
tx_0002967,2025-06-10 09:30:26,NFLX,502.89,500.0,sell,NASDAQ
tx_0000067,2025-06-10 09:30:26,DIS,179.04,841.0,buy,NYSE
tx_0009835,2025-06-10 09:30:29,MCD,251.93,708.0,sell,NYSE
tx_0004848,2025-06-10 09:30:30,ADBE,596.6,197.0,sell,NASDAQ
tx_0007228,2025-06-10 09:30:32,MSFT,298.18,919.0,sell,NASDAQ
tx_0009110,2025-06-10 09:30:33,JNJ,168.4,406.0,sell,NYSE
tx_0002509,2025-06-10 09:30:36,GOOGL,2772.12,9.0,buy,NASDAQ
tx_0007593,2025-06-10 09:30:39,FB,325.17,117.0,sell,NASDAQ
tx_0005613,2025-06-10 09:30:42,AMZN,3522.01,406.0,sell,NASDAQ
tx_0007244,2025-06-10 09:30:43,TSLA,706.43,96.0,sell,NASDAQ
tx_0005382,2025-06-10 09:30:45,GOOGL,2803.55,997.0,buy,NASDAQ
tx_0007024,2025-06-10 09:30:54,MCD,249.03,421.0,buy,NYSE
tx_0000504,2025-06-10 09:30:57,JNJ,168.28,685.0,buy,NYSE
tx_0008847,2025-06-10 09:30:57,PEP,149.65,539.0,sell,NYSE
tx_0003169,2025-06-10 09:30:57,MA,353.06,46.0,buy,NYSE
tx_0003138,2025-06-10 09:30:59,PG,138.77,360.0,buy,NYSE
tx_0008631,2025-06-10 09:31:00,MCD,248.64,891.0,buy,NYSE
tx_0005522,2025-06-10 09:31:02,PYPL,249.36,327.0,sell,NASDAQ
tx_0007482,2025-06-10 09:31:02,PEP,148.9,343.0,buy,NYSE
tx_0005529,2025-06-10 09:31:05,ADBE,597.41,49.0,buy,NASDAQ
tx_0006437,2025-06-10 09:31:17,WMT,140.04,525.0,buy,NYSE
tx_0007601,2025-06-10 09:31:17,MA,348.36,836.0,sell,NYSE
tx_0008120,2025-06-10 09:31:32,PG,139.05,940.0,sell,NYSE
tx_0002103,2025-06-10 09:31:32,PEP,149.61,433.0,buy,NYSE
tx_0000820,2025-06-10 09:31:32,GOOGL,2782.07,221.0,sell,NASDAQ
tx_0006128,2025-06-10 09:31:33,AMZN,3524.43,662.0,buy,NASDAQ
tx_0000671,2025-06-10 09:31:37,MCD,253.0,982.0,sell,NYSE
tx_0006020,2025-06-10 09:31:45,FB,331.15,330.0,sell,NASDAQ
tx_0006999,2025-06-10 09:31:48,AMZN,3479.34,421.0,buy,NASDAQ
tx_0005619,2025-06-10 09:31:49,JNJ,170.69,545.0,sell,NYSE
tx_0002610,2025-06-10 09:31:50,WMT,138.43,15.0,,NYSE
tx_0004271,2025-06-10 09:31:51,ADBE,595.6,659.0,buy,NASDAQ
tx_0001877,2025-06-10 09:31:51,TSLA,697.76,900.0,sell,NASDAQ
tx_0002502,2025-06-10 09:31:52,NFLX,491.98,405.0,sell,NASDAQ
tx_0003012,2025-06-10 09:31:52,PG,139.76,824.0,sell,NYSE
tx_0002021,2025-06-10 09:31:53,PYPL,247.85,395.0,sell,NASDAQ
tx_0001337,2025-06-10 09:31:53,PYPL,249.99,226.0,buy,NASDAQ
tx_0000796,2025-06-10 09:31:55,PYPL,248.48,58.0,buy,NASDAQ
tx_0009036,2025-06-10 09:31:56,GOOGL,2828.44,989.0,buy,NASDAQ
tx_0007544,2025-06-10 09:31:56,PEP,149.21,260.0,buy,NYSE
tx_0007150,2025-06-10 09:31:58,AMZN,3537.03,42.0,sell,NASDAQ
tx_0005969,2025-06-10 09:32:05,MCD,249.99,493.0,sell,NYSE
tx_0002206,2025-06-10 09:32:05,GOOGL,2815.15,231.0,sell,NASDAQ
tx_0002278,2025-06-10 09:32:06,MA,352.45,836.0,sell,NYSE
tx_0002550,2025-06-10 09:32:10,JNJ,170.64,177.0,sell,NYSE
tx_0007870,2025-06-10 09:32:11,PYPL,250.26,586.0,buy,NASDAQ
tx_0000090,2025-06-10 09:32:11,PYPL,252.56,233.0,buy,NASDAQ
tx_0007421,2025-06-10 09:32:13,AAPL,149.49,662.0,sell,NASDAQ
tx_0002450,2025-06-10 09:32:14,V,220.33,228.0,sell,NYSE
tx_0002645,2025-06-10 09:32:15,PG,140.14,241.0,sell,NYSE
tx_0007128,2025-06-10 09:32:19,TSLA,699.73,766.0,sell,NASDAQ
tx_0007031,2025-06-10 09:32:25,MSFT,301.78,334.0,sell,NASDAQ
tx_0007519,2025-06-10 09:32:25,PEP,151.01,956.0,sell,NYSE
tx_0004542,2025-06-10 09:32:30,PEP,150.48,709.0,buy,NYSE
tx_0007600,2025-06-10 09:32:31,JNJ,169.23,518.0,sell,NYSE
tx_0005903,2025-06-10 09:32:35,TSLA,704.85,893.0,buy,NASDAQ
tx_0006984,2025-06-10 09:32:40,MA,355.08,88.0,sell,NYSE
tx_0005067,2025-06-10 09:32:40,V,218.79,144.0,sell,NYSE
tx_0006993,2025-06-10 09:32:41,NVDA,197.83,246.0,buy,NASDAQ
tx_0008307,2025-06-10 09:32:41,NFLX,496.86,725.0,sell,
tx_0000667,2025-06-10 09:32:41,MCD,253.28,622.0,sell,NYSE
tx_0003735,2025-06-10 09:32:42,AMZN,3482.33,357.0,buy,NASDAQ
tx_0009986,2025-06-10 09:32:49,NFLX,495.88,160.0,buy,NASDAQ
tx_0001741,2025-06-10 09:32:51,PG,138.14,910.0,sell,NYSE
tx_0009700,2025-06-10 09:32:55,BRK.B,279.9,834.0,buy,NYSE
tx_0006746,2025-06-10 09:33:00,TSLA,708.16,927.0,sell,NASDAQ
tx_0003493,2025-06-10 09:33:05,GOOGL,2799.63,314.0,buy,NASDAQ
tx_0006540,2025-06-10 09:33:05,GOOGL,2772.88,879.0,buy,NASDAQ
tx_0005764,2025-06-10 09:33:06,GOOGL,2783.29,930.0,buy,NASDAQ
tx_0000060,2025-06-10 09:33:10,NVDA,199.07,773.0,buy,NASDAQ
tx_0007890,2025-06-10 09:33:11,MCD,254.08,257.0,sell,NYSE
tx_0000634,2025-06-10 09:33:11,MSFT,299.27,869.0,buy,NASDAQ
tx_0007771,2025-06-10 09:33:11,MA,354.76,123.0,buy,NYSE
tx_0008337,2025-06-10 09:33:14,GOOGL,2809.3,722.0,sell,NASDAQ
tx_0000520,2025-06-10 09:33:15,PG,140.73,610.0,sell,NYSE
tx_0002161,2025-06-10 09:33:15,BRK.B,279.8,71.0,sell,NYSE
tx_0001637,2025-06-10 09:33:17,JNJ,168.94,45.0,sell,NYSE
tx_0004220,2025-06-10 09:33:31,KO,54.92,725.0,buy,NYSE
tx_0006602,2025-06-10 09:33:35,FB,328.46,198.0,buy,NASDAQ
tx_0007391,2025-06-10 09:33:36,JNJ,169.81,418.0,buy,NYSE
tx_0002095,2025-06-10 09:33:39,NFLX,496.33,276.0,sell,NASDAQ
tx_0003941,2025-06-10 09:33:40,PYPL,250.15,102.0,buy,NASDAQ
tx_0003201,2025-06-10 09:33:45,PG,139.08,893.0,buy,NYSE
tx_0000113,2025-06-10 09:33:47,MA,355.4,550.0,sell,NYSE
tx_0001401,2025-06-10 09:33:50,FB,327.86,646.0,buy,NASDAQ
tx_0001552,2025-06-10 09:33:55,DIS,180.53,635.0,sell,NYSE
tx_0003075,2025-06-10 09:33:57,GOOGL,2776.0,479.0,sell,NASDAQ
tx_0001915,2025-06-10 09:33:58,DIS,178.4,804.0,sell,NYSE
tx_0006213,2025-06-10 09:33:58,WMT,138.18,448.0,buy,NYSE
tx_0004246,2025-06-10 09:34:01,JNJ,168.67,4.0,buy,NYSE
tx_0002986,2025-06-10 09:34:04,AMZN,3502.09,148.0,buy,NASDAQ
tx_0005236,2025-06-10 09:34:06,MCD,250.89,681.0,buy,NYSE
tx_0002744,2025-06-10 09:34:13,AAPL,149.49,714.0,buy,NASDAQ
tx_0007307,2025-06-10 09:34:19,JNJ,169.09,236.0,sell,NYSE
tx_0006000,2025-06-10 09:34:21,NFLX,504.67,444.0,sell,NASDAQ
tx_0000105,2025-06-10 09:34:24,GOOGL,2803.11,461.0,sell,NASDAQ
tx_0006233,2025-06-10 09:34:24,MA,355.3,680.0,buy,NYSE
tx_0001537,2025-06-10 09:34:24,TSLA,708.93,427.0,sell,NASDAQ
tx_0008958,2025-06-10 09:34:28,ADBE,601.17,784.0,buy,NASDAQ
tx_0009106,2025-06-10 09:34:31,JNJ,168.54,383.0,buy,NYSE
tx_0005592,2025-06-10 09:34:33,NVDA,198.9,855.0,buy,NASDAQ
tx_0004914,2025-06-10 09:34:33,NFLX,501.94,,sell,NASDAQ
tx_0005589,2025-06-10 09:34:36,BRK.B,277.9,127.0,buy,NYSE
tx_0005784,2025-06-10 09:34:39,AAPL,147.92,425.0,sell,NASDAQ
tx_0005602,2025-06-10 09:34:42,NVDA,197.6,787.0,sell,NASDAQ
tx_0004776,2025-06-10 09:34:43,MCD,250.47,809.0,buy,NYSE
tx_0000963,2025-06-10 09:34:44,DIS,177.71,241.0,sell,NYSE
tx_0001065,2025-06-10 09:34:45,NFLX,497.92,245.0,buy,NASDAQ
tx_0001928,2025-06-10 09:34:47,MSFT,300.95,401.0,buy,NASDAQ
tx_0008603,2025-06-10 09:34:49,JNJ,169.73,914.0,sell,NYSE
tx_0008795,2025-06-10 09:34:53,MA,354.68,719.0,buy,NYSE
tx_0001494,2025-06-10 09:35:03,WMT,140.58,946.0,sell,NYSE
tx_0006721,2025-06-10 09:35:04,TSLA,703.48,278.0,sell,NASDAQ
tx_0004320,2025-06-10 09:35:05,WMT,140.98,695.0,sell,NYSE
tx_0006927,2025-06-10 09:35:08,MCD,252.59,421.0,buy,NYSE
tx_0008352,2025-06-10 09:35:08,WMT,139.15,480.0,buy,NYSE
tx_0006591,2025-06-10 09:35:10,AMZN,3456.26,757.0,sell,NASDAQ
tx_0000373,2025-06-10 09:35:11,NFLX,499.93,371.0,sell,NASDAQ
tx_0003289,2025-06-10 09:35:17,GOOGL,2794.89,74.0,sell,
tx_0004491,2025-06-10 09:35:25,KO,55.63,584.0,buy,NYSE
tx_0006702,2025-06-10 09:35:25,PEP,148.77,275.0,buy,NYSE
tx_0006156,2025-06-10 09:35:26,PYPL,249.62,396.0,buy,NASDAQ
tx_0007273,2025-06-10 09:35:31,MCD,247.08,622.0,sell,NYSE
tx_0007130,2025-06-10 09:35:33,GOOGL,2748.14,210.0,buy,NASDAQ
tx_0006493,2025-06-10 09:35:35,AAPL,149.06,657.0,buy,NASDAQ
tx_0008232,2025-06-10 09:35:36,MA,354.63,316.0,sell,NYSE
tx_0007713,2025-06-10 09:35:39,GOOGL,2766.49,935.0,sell,NASDAQ
tx_0009909,2025-06-10 09:35:44,JNJ,167.41,542.0,sell,NYSE
tx_0008622,2025-06-10 09:35:44,ADBE,603.43,492.0,buy,NASDAQ
tx_0007168,2025-06-10 09:35:47,AAPL,150.49,653.0,sell,NASDAQ
tx_0004892,2025-06-10 09:35:52,WMT,140.66,210.0,sell,NYSE
tx_0001624,2025-06-10 09:35:56,AAPL,148.06,337.0,sell,NASDAQ
tx_0002506,2025-06-10 09:35:59,NFLX,500.15,42.0,sell,NASDAQ
tx_0000723,2025-06-10 09:36:00,GOOGL,2769.16,256.0,buy,NASDAQ
tx_0005598,2025-06-10 09:36:01,GOOGL,2766.56,447.0,buy,NASDAQ
tx_0004231,2025-06-10 09:36:02,WMT,140.54,514.0,sell,NYSE
tx_0000840,2025-06-10 09:36:06,BRK.B,276.28,896.0,buy,NYSE
tx_0007892,2025-06-10 09:36:07,MA,355.31,656.0,buy,NYSE
tx_0006145,2025-06-10 09:36:09,GOOGL,2774.8,213.0,sell,NASDAQ
tx_0008242,2025-06-10 09:36:15,ADBE,599.35,161.0,buy,NASDAQ
tx_0008456,2025-06-10 09:36:15,NVDA,196.35,209.0,buy,NASDAQ
tx_0009938,2025-06-10 09:36:15,PG,139.53,542.0,sell,NYSE
tx_0005875,2025-06-10 09:36:17,AMZN,3471.73,167.0,sell,NASDAQ
tx_0006146,2025-06-10 09:36:23,NFLX,503.59,668.0,sell,NASDAQ
tx_0003548,2025-06-10 09:36:24,ADBE,594.11,974.0,sell,NASDAQ
tx_0005552,2025-06-10 09:36:24,PEP,150.28,978.0,sell,NYSE
tx_0004297,2025-06-10 09:36:28,PEP,148.41,11.0,buy,NYSE
tx_0007612,2025-06-10 09:36:29,BRK.B,280.11,587.0,buy,NYSE
tx_0008707,2025-06-10 09:36:35,AMZN,3491.42,66.0,sell,NASDAQ
tx_0008183,2025-06-10 09:36:37,GOOGL,2783.21,806.0,sell,NASDAQ
tx_0007190,2025-06-10 09:36:39,PEP,151.58,230.0,sell,NYSE
tx_0009484,2025-06-10 09:36:48,NVDA,198.55,906.0,sell,NASDAQ
tx_0009469,2025-06-10 09:36:48,MSFT,299.21,445.0,buy,NASDAQ
tx_0003929,2025-06-10 09:36:49,DIS,181.24,959.0,buy,NYSE
tx_0001873,2025-06-10 09:36:49,PYPL,251.08,697.0,buy,NASDAQ
tx_0004703,2025-06-10 09:36:50,V,217.03,74.0,sell,NYSE
tx_0001614,2025-06-10 09:36:50,PG,139.21,575.0,sell,NYSE
tx_0005655,2025-06-10 09:36:52,JNJ,169.67,88.0,buy,NYSE
tx_0006751,2025-06-10 09:36:53,ADBE,594.03,382.0,sell,NASDAQ
tx_0000959,2025-06-10 09:36:54,FB,330.84,286.0,buy,NASDAQ
tx_0005931,2025-06-10 09:36:55,PG,139.62,109.0,buy,NYSE
tx_0003342,2025-06-10 09:37:01,NVDA,198.12,159.0,buy,NASDAQ
tx_0008542,2025-06-10 09:37:02,WMT,138.04,827.0,buy,NYSE
tx_0003658,2025-06-10 09:37:02,AMZN,3469.4,978.0,sell,NASDAQ
tx_0002035,2025-06-10 09:37:04,GOOGL,2770.23,151.0,buy,NASDAQ
tx_0005113,2025-06-10 09:37:06,PG,140.15,799.0,sell,NYSE
tx_0000830,2025-06-10 09:37:07,TSLA,705.76,116.0,buy,NASDAQ
tx_0002389,2025-06-10 09:37:11,NFLX,505.95,561.0,buy,NASDAQ
tx_0000681,2025-06-10 09:37:11,PYPL,250.39,526.0,sell,NASDAQ
tx_0004519,2025-06-10 09:37:13,V,217.8,256.0,sell,NYSE
tx_0000324,2025-06-10 09:37:16,AMZN,3483.86,629.0,sell,NASDAQ
tx_0007670,2025-06-10 09:37:18,KO,55.34,975.0,sell,NYSE
tx_0002935,2025-06-10 09:37:20,MSFT,298.28,233.0,buy,NASDAQ
tx_0008410,2025-06-10 09:37:21,KO,55.84,735.0,sell,NYSE
tx_0007987,2025-06-10 09:37:23,PYPL,253.37,243.0,buy,NASDAQ
tx_0001355,2025-06-10 09:37:28,NVDA,196.53,251.0,buy,NASDAQ
tx_0008566,2025-06-10 09:37:29,AAPL,148.02,400.0,sell,NASDAQ
tx_0003098,2025-06-10 09:37:30,V,218.66,903.0,buy,NYSE
tx_0007523,2025-06-10 09:37:30,AAPL,150.32,213.0,buy,NASDAQ
tx_0007965,2025-06-10 09:37:33,JNJ,169.59,141.0,sell,NYSE
tx_0005752,2025-06-10 09:37:34,AMZN,3487.06,421.0,sell,
tx_0008746,2025-06-10 09:37:38,DIS,180.62,734.0,sell,NYSE
tx_0007867,2025-06-10 09:37:41,V,217.55,207.0,buy,NYSE
tx_0008472,2025-06-10 09:37:42,PG,140.44,844.0,buy,NYSE
tx_0008140,2025-06-10 09:37:42,TSLA,703.47,522.0,sell,NASDAQ
tx_0009990,2025-06-10 09:37:43,MCD,247.75,386.0,sell,NYSE
tx_0002148,2025-06-10 09:37:46,GOOGL,2787.74,684.0,sell,NASDAQ
tx_0006243,2025-06-10 09:37:50,PYPL,252.42,501.0,buy,NASDAQ
tx_0002625,2025-06-10 09:37:50,MCD,246.93,214.0,buy,NYSE
tx_0006611,2025-06-10 09:37:54,AMZN,3493.97,734.0,sell,NASDAQ
tx_0004477,2025-06-10 09:37:54,FB,332.25,591.0,buy,NASDAQ
tx_0002065,2025-06-10 09:37:56,NFLX,503.28,185.0,sell,NASDAQ
tx_0005142,2025-06-10 09:37:58,MCD,246.58,228.0,buy,NYSE
tx_0001845,2025-06-10 09:37:58,FB,329.7,332.0,sell,NASDAQ
tx_0006181,2025-06-10 09:37:59,FB,326.42,387.0,sell,NASDAQ
tx_0004624,2025-06-10 09:38:00,MSFT,300.85,536.0,sell,NASDAQ
tx_0004946,2025-06-10 09:38:01,V,216.46,50.0,buy,NYSE
tx_0008239,2025-06-10 09:38:07,DIS,179.7,789.0,sell,NYSE
tx_0006400,2025-06-10 09:38:08,NFLX,509.23,390.0,sell,NASDAQ
tx_0000951,2025-06-10 09:38:16,PG,138.51,817.0,buy,NYSE
tx_0007745,2025-06-10 09:38:19,MA,349.81,903.0,buy,NYSE
tx_0008145,2025-06-10 09:38:21,TSLA,693.57,997.0,buy,NASDAQ
tx_0006355,2025-06-10 09:38:21,DIS,180.9,275.0,sell,NYSE
tx_0006941,2025-06-10 09:38:22,MCD,245.32,415.0,buy,NYSE
tx_0008458,2025-06-10 09:38:25,JNJ,167.35,965.0,buy,NYSE
tx_0009572,2025-06-10 09:38:30,TSLA,695.69,463.0,,NASDAQ
tx_0002215,2025-06-10 09:38:31,BRK.B,279.9,459.0,,NYSE
tx_0002034,2025-06-10 09:38:41,MA,354.1,721.0,buy,NYSE
tx_0008887,2025-06-10 09:38:41,NVDA,197.77,601.0,sell,NASDAQ
tx_0002274,2025-06-10 09:38:41,DIS,177.78,640.0,sell,NYSE
tx_0008499,2025-06-10 09:38:42,PG,140.09,343.0,sell,NYSE
tx_0005830,2025-06-10 09:38:46,PYPL,249.25,612.0,sell,NASDAQ
tx_0000788,2025-06-10 09:38:47,MCD,247.07,687.0,buy,NYSE
tx_0001625,2025-06-10 09:38:50,MA,356.55,963.0,sell,NYSE
tx_0007427,2025-06-10 09:38:51,NVDA,199.36,106.0,sell,NASDAQ
tx_0000346,2025-06-10 09:38:52,KO,56.29,498.0,buy,NYSE
tx_0003946,2025-06-10 09:38:53,BRK.B,277.79,331.0,sell,NYSE
tx_0003063,2025-06-10 09:38:53,BRK.B,278.24,474.0,buy,NYSE
tx_0001920,2025-06-10 09:38:57,AAPL,148.81,388.0,sell,NASDAQ
tx_0007576,2025-06-10 09:38:57,PYPL,249.94,449.0,sell,NASDAQ
tx_0006229,2025-06-10 09:39:03,KO,55.59,30.0,sell,NYSE
tx_0003748,2025-06-10 09:39:04,DIS,179.21,856.0,buy,NYSE
tx_0001314,2025-06-10 09:39:04,MCD,249.45,62.0,sell,NYSE
tx_0004995,2025-06-10 09:39:07,MSFT,301.03,155.0,sell,NASDAQ
tx_0009171,2025-06-10 09:39:09,WMT,139.04,13.0,sell,NYSE
tx_0002884,2025-06-10 09:39:12,AMZN,3501.96,847.0,buy,NASDAQ
tx_0009574,2025-06-10 09:39:23,GOOGL,2752.58,848.0,buy,NASDAQ
tx_0005302,2025-06-10 09:39:23,GOOGL,2732.97,756.0,sell,NASDAQ
tx_0009450,2025-06-10 09:39:26,PEP,151.93,162.0,buy,NYSE
tx_0009724,2025-06-10 09:39:28,GOOGL,2735.59,181.0,buy,NASDAQ
tx_0008875,2025-06-10 09:39:29,GOOGL,2781.37,799.0,buy,NASDAQ
tx_0001238,2025-06-10 09:39:29,BRK.B,280.89,865.0,sell,NYSE
tx_0000226,2025-06-10 09:39:34,BRK.B,278.02,185.0,sell,NYSE
tx_0001539,2025-06-10 09:39:38,GOOGL,2764.57,14.0,buy,NASDAQ
tx_0004626,2025-06-10 09:39:39,AMZN,3478.75,714.0,buy,NASDAQ
tx_0005671,2025-06-10 09:39:39,JNJ,169.29,189.0,buy,NYSE
tx_0001674,2025-06-10 09:39:41,JNJ,168.26,217.0,sell,NYSE
tx_0003518,2025-06-10 09:39:44,WMT,139.1,722.0,buy,NYSE
tx_0008720,2025-06-10 09:39:44,KO,55.69,999.0,sell,NYSE
tx_0005725,2025-06-10 09:39:45,WMT,140.0,71.0,buy,NYSE
tx_0007377,2025-06-10 09:39:45,WMT,139.54,263.0,sell,NYSE
tx_0000537,2025-06-10 09:39:49,MSFT,299.73,304.0,sell,NASDAQ
tx_0005483,2025-06-10 09:39:51,MCD,249.21,101.0,sell,NYSE
tx_0008889,2025-06-10 09:39:51,WMT,140.14,584.0,buy,NYSE
tx_0001764,2025-06-10 09:39:52,GOOGL,2761.64,248.0,buy,NASDAQ
tx_0003073,2025-06-10 09:39:53,PG,139.85,610.0,buy,NYSE
tx_0009967,2025-06-10 09:39:54,ADBE,600.92,526.0,sell,NASDAQ
tx_0006734,2025-06-10 09:40:00,BRK.B,278.83,259.0,sell,NYSE
tx_0003827,2025-06-10 09:40:03,AAPL,148.65,6.0,sell,NASDAQ
tx_0001471,2025-06-10 09:40:10,GOOGL,2727.25,433.0,sell,NASDAQ
tx_0005148,2025-06-10 09:40:10,WMT,138.98,9.0,buy,NYSE
tx_0008811,2025-06-10 09:40:10,DIS,179.16,768.0,sell,NYSE
tx_0006200,2025-06-10 09:40:11,KO,55.7,273.0,sell,NYSE
tx_0008737,2025-06-10 09:40:15,MA,355.15,213.0,buy,NYSE
tx_0007637,2025-06-10 09:40:16,V,219.29,816.0,buy,NYSE
tx_0009062,2025-06-10 09:40:17,TSLA,702.92,737.0,buy,NASDAQ
tx_0000584,2025-06-10 09:40:20,KO,56.55,142.0,buy,NYSE
tx_0003052,2025-06-10 09:40:21,WMT,139.63,145.0,buy,NYSE
tx_0009858,2025-06-10 09:40:21,KO,55.84,746.0,sell,NYSE
tx_0000539,2025-06-10 09:40:32,KO,56.0,693.0,buy,NYSE
tx_0001431,2025-06-10 09:40:33,FB,331.17,455.0,buy,NASDAQ
tx_0001347,2025-06-10 09:40:33,AMZN,3437.82,958.0,buy,NASDAQ
tx_0009101,2025-06-10 09:40:38,TSLA,702.53,87.0,buy,NASDAQ
tx_0008628,2025-06-10 09:40:38,ADBE,595.79,544.0,buy,NASDAQ
tx_0001577,2025-06-10 09:40:40,KO,55.88,813.0,buy,NYSE
tx_0005697,2025-06-10 09:40:43,V,217.91,643.0,buy,NYSE
tx_0001424,2025-06-10 09:40:44,NFLX,501.86,815.0,buy,NASDAQ
tx_0000735,2025-06-10 09:40:44,KO,55.86,310.0,buy,NYSE
tx_0003046,2025-06-10 09:40:46,AMZN,3496.53,327.0,sell,NASDAQ
tx_0001752,2025-06-10 09:40:47,AMZN,3446.08,990.0,sell,NASDAQ
tx_0008526,2025-06-10 09:40:47,AMZN,3437.85,458.0,buy,NASDAQ
tx_0000293,2025-06-10 09:40:49,MA,353.51,799.0,sell,NYSE
tx_0007002,2025-06-10 09:40:51,PEP,150.4,585.0,sell,NYSE
tx_0000891,2025-06-10 09:40:53,PG,141.35,486.0,sell,NYSE
tx_0004172,2025-06-10 09:40:54,PYPL,253.54,120.0,buy,NASDAQ
tx_0003311,2025-06-10 09:40:58,AMZN,3440.95,597.0,buy,NASDAQ
tx_0006638,2025-06-10 09:40:58,BRK.B,278.53,330.0,sell,NYSE
tx_0000327,2025-06-10 09:40:59,NFLX,503.07,668.0,buy,NASDAQ
tx_0009864,2025-06-10 09:41:03,V,215.38,367.0,buy,NYSE
tx_0007348,2025-06-10 09:41:04,PYPL,251.04,419.0,sell,NASDAQ
tx_0008257,2025-06-10 09:41:04,NVDA,199.64,353.0,buy,NASDAQ
tx_0009839,2025-06-10 09:41:07,WMT,138.95,620.0,buy,NYSE
tx_0005392,2025-06-10 09:41:09,BRK.B,276.96,413.0,sell,NYSE
tx_0003609,2025-06-10 09:41:09,MCD,247.26,234.0,sell,NYSE
tx_0003527,2025-06-10 09:41:11,NFLX,506.25,121.0,sell,NASDAQ
tx_0005495,2025-06-10 09:41:11,FB,332.39,311.0,sell,NASDAQ
tx_0006134,2025-06-10 09:41:12,BRK.B,276.07,120.0,buy,NYSE
tx_0007100,2025-06-10 09:41:18,MA,356.59,458.0,buy,NYSE
tx_0003688,2025-06-10 09:41:21,AMZN,3477.55,474.0,sell,NASDAQ
tx_0006920,2025-06-10 09:41:24,PYPL,250.08,776.0,buy,NASDAQ
tx_0004766,2025-06-10 09:41:29,TSLA,697.41,337.0,sell,NASDAQ
tx_0002001,2025-06-10 09:41:31,V,220.08,677.0,buy,NYSE
tx_0003991,2025-06-10 09:41:34,PEP,150.77,527.0,buy,NYSE
tx_0004452,2025-06-10 09:41:36,FB,327.31,545.0,buy,NASDAQ
tx_0004715,2025-06-10 09:41:36,PEP,149.63,921.0,buy,NYSE
tx_0005227,2025-06-10 09:41:39,PG,140.62,209.0,buy,NYSE
tx_0004785,2025-06-10 09:41:41,MA,355.13,996.0,sell,NYSE
tx_0005905,2025-06-10 09:41:42,PYPL,254.3,106.0,sell,NASDAQ
tx_0005486,2025-06-10 09:41:45,GOOGL,2765.88,429.0,sell,NASDAQ
tx_0009529,2025-06-10 09:41:46,NVDA,200.15,808.0,buy,NASDAQ
tx_0006043,2025-06-10 09:41:46,WMT,139.89,651.0,sell,NYSE
tx_0003828,2025-06-10 09:41:47,FB,329.13,159.0,sell,NASDAQ
tx_0002788,2025-06-10 09:41:49,AMZN,3506.76,363.0,sell,NASDAQ
tx_0005797,2025-06-10 09:41:59,ADBE,606.16,130.0,sell,NASDAQ
tx_0001402,2025-06-10 09:42:02,MCD,246.11,505.0,sell,NYSE
tx_0004053,2025-06-10 09:42:03,PYPL,252.44,826.0,sell,NASDAQ
tx_0001071,2025-06-10 09:42:06,MA,351.75,439.0,buy,NYSE
tx_0006825,2025-06-10 09:42:07,WMT,139.32,281.0,buy,NYSE
tx_0006575,2025-06-10 09:42:10,GOOGL,2728.18,669.0,sell,NASDAQ
tx_0007787,2025-06-10 09:42:14,DIS,181.14,538.0,sell,NYSE
tx_0005285,2025-06-10 09:42:20,AAPL,149.01,628.0,buy,NASDAQ
tx_0001761,2025-06-10 09:42:20,ADBE,597.97,64.0,buy,NASDAQ
tx_0003436,2025-06-10 09:42:21,JNJ,169.21,639.0,sell,NYSE
tx_0005261,2025-06-10 09:42:22,TSLA,698.16,644.0,buy,NASDAQ
tx_0008184,2025-06-10 09:42:25,TSLA,696.25,489.0,sell,NASDAQ
tx_0009815,2025-06-10 09:42:28,JNJ,169.75,365.0,buy,NYSE
tx_0009677,2025-06-10 09:42:34,PYPL,250.53,87.0,sell,NASDAQ
tx_0005823,2025-06-10 09:42:35,MCD,245.69,964.0,sell,NYSE
tx_0003416,2025-06-10 09:42:37,ADBE,602.86,327.0,buy,NASDAQ
tx_0008598,2025-06-10 09:42:38,JNJ,167.35,905.0,buy,NYSE
tx_0002105,2025-06-10 09:42:41,PYPL,253.63,945.0,buy,NASDAQ
tx_0004895,2025-06-10 09:42:41,MCD,246.0,156.0,sell,NYSE
tx_0007373,2025-06-10 09:42:45,PEP,150.53,640.0,buy,NYSE
tx_0009760,2025-06-10 09:42:47,BRK.B,280.24,775.0,buy,NYSE
tx_0003844,2025-06-10 09:42:49,PEP,149.6,863.0,sell,NYSE
tx_0006188,2025-06-10 09:42:53,NFLX,507.41,412.0,buy,NASDAQ
tx_0004733,2025-06-10 09:42:54,WMT,140.62,15.0,sell,NYSE
tx_0006799,2025-06-10 09:42:54,GOOGL,2756.68,32.0,buy,NASDAQ
tx_0005565,2025-06-10 09:42:56,DIS,179.86,93.0,sell,NYSE
tx_0007886,2025-06-10 09:43:00,MCD,246.12,855.0,sell,NYSE
tx_0009009,2025-06-10 09:43:01,WMT,141.36,412.0,buy,NYSE
tx_0002823,2025-06-10 09:43:02,AAPL,148.92,569.0,sell,NASDAQ
tx_0005718,2025-06-10 09:43:03,PYPL,252.4,958.0,sell,NASDAQ
tx_0009209,2025-06-10 09:43:04,GOOGL,2716.19,543.0,buy,NASDAQ
tx_0005888,2025-06-10 09:43:06,NVDA,197.96,159.0,buy,NASDAQ
tx_0006356,2025-06-10 09:43:07,FB,327.58,915.0,sell,NASDAQ
tx_0006848,2025-06-10 09:43:09,JNJ,168.55,747.0,sell,NYSE
tx_0007090,2025-06-10 09:43:09,WMT,139.23,571.0,buy,NYSE
tx_0000333,2025-06-10 09:43:11,KO,55.73,951.0,sell,NYSE
tx_0002190,2025-06-10 09:43:14,MCD,249.55,49.0,buy,NYSE
tx_0005151,2025-06-10 09:43:25,PG,141.54,811.0,buy,NYSE
tx_0004221,2025-06-10 09:43:30,AMZN,3463.18,626.0,buy,NASDAQ
tx_0003741,2025-06-10 09:43:31,PG,140.18,225.0,sell,NYSE
tx_0004945,2025-06-10 09:43:31,MCD,251.32,207.0,sell,NYSE
tx_0000109,2025-06-10 09:43:33,KO,55.41,870.0,buy,NYSE
tx_0002481,2025-06-10 09:43:34,JNJ,168.32,182.0,buy,NYSE
tx_0004485,2025-06-10 09:43:35,AAPL,148.51,330.0,buy,NASDAQ
tx_0004913,2025-06-10 09:43:38,BRK.B,279.68,476.0,sell,NYSE
tx_0006558,2025-06-10 09:43:41,PEP,150.43,844.0,sell,NYSE
tx_0005456,2025-06-10 09:43:43,NFLX,505.21,920.0,buy,NASDAQ
tx_0004409,2025-06-10 09:43:44,V,219.18,620.0,sell,NYSE
tx_0000842,2025-06-10 09:43:46,NVDA,198.93,660.0,buy,NASDAQ
tx_0008596,2025-06-10 09:43:51,MA,359.91,860.0,buy,NYSE
tx_0008569,2025-06-10 09:43:51,PG,141.05,636.0,buy,NYSE
tx_0001512,2025-06-10 09:43:51,TSLA,695.4,115.0,buy,NASDAQ
tx_0002299,2025-06-10 09:43:53,WMT,141.34,747.0,buy,NYSE
tx_0008788,2025-06-10 09:43:54,JNJ,168.09,270.0,sell,NYSE
tx_0000692,2025-06-10 09:43:57,NFLX,501.29,966.0,buy,NASDAQ
tx_0001701,2025-06-10 09:43:57,WMT,139.29,204.0,buy,NYSE
tx_0000761,2025-06-10 09:44:00,GOOGL,2721.29,948.0,sell,NASDAQ
tx_0001904,2025-06-10 09:44:02,AMZN,3510.39,166.0,buy,NASDAQ
tx_0002262,2025-06-10 09:44:06,AAPL,148.72,540.0,sell,NASDAQ
tx_0008170,2025-06-10 09:44:07,MA,354.51,328.0,buy,NYSE
tx_0007245,2025-06-10 09:44:08,DIS,179.27,832.0,sell,NYSE
tx_0006324,2025-06-10 09:44:09,PEP,150.04,373.0,sell,NYSE
tx_0007461,2025-06-10 09:44:09,JNJ,167.81,948.0,buy,NYSE
tx_0003856,2025-06-10 09:44:11,MA,357.91,845.0,sell,NYSE
tx_0002648,2025-06-10 09:44:12,AAPL,149.9,310.0,buy,NASDAQ
tx_0008919,2025-06-10 09:44:12,MSFT,304.26,771.0,buy,NASDAQ
tx_0001119,2025-06-10 09:44:13,AMZN,3462.62,299.0,sell,NASDAQ
tx_0002434,2025-06-10 09:44:13,MCD,251.36,415.0,buy,NYSE
tx_0002118,2025-06-10 09:44:16,ADBE,599.81,512.0,buy,NASDAQ
tx_0008286,2025-06-10 09:44:19,JNJ,170.18,991.0,buy,NYSE
tx_0005048,2025-06-10 09:44:19,NFLX,509.1,900.0,buy,NASDAQ
tx_0000411,2025-06-10 09:44:20,MCD,251.03,7.0,sell,NYSE
tx_0000249,2025-06-10 09:44:24,AMZN,3510.43,371.0,buy,NASDAQ
tx_0006282,2025-06-10 09:44:27,TSLA,690.95,897.0,sell,NASDAQ
tx_0000555,2025-06-10 09:44:31,PG,140.72,293.0,buy,NYSE
tx_0000398,2025-06-10 09:44:36,AAPL,149.73,210.0,buy,NASDAQ
tx_0009190,2025-06-10 09:44:36,MCD,249.0,421.0,buy,NYSE
tx_0007481,2025-06-10 09:44:36,WMT,140.25,732.0,buy,NYSE
tx_0003607,2025-06-10 09:44:37,NVDA,199.43,194.0,sell,NASDAQ
tx_0001101,2025-06-10 09:44:37,AAPL,149.64,313.0,buy,NASDAQ
tx_0005238,2025-06-10 09:44:38,PEP,150.73,368.0,buy,NYSE
tx_0008372,2025-06-10 09:44:40,TSLA,695.06,449.0,sell,NASDAQ
tx_0004151,2025-06-10 09:44:44,PEP,150.43,378.0,buy,NYSE
tx_0009889,2025-06-10 09:44:44,MCD,251.08,390.0,buy,NYSE
tx_0001789,2025-06-10 09:44:44,AAPL,147.76,165.0,sell,NASDAQ
tx_0007311,2025-06-10 09:44:47,NVDA,198.77,358.0,sell,NASDAQ
tx_0002321,2025-06-10 09:44:50,JNJ,168.72,973.0,sell,NYSE
tx_0004589,2025-06-10 09:44:51,FB,326.73,45.0,buy,NASDAQ
tx_0005562,2025-06-10 09:44:52,NFLX,499.77,297.0,buy,NASDAQ
tx_0008938,2025-06-10 09:44:58,PYPL,253.81,247.0,sell,NASDAQ
tx_0000664,2025-06-10 09:45:02,NVDA,196.97,503.0,sell,NASDAQ
tx_0008976,2025-06-10 09:45:05,DIS,181.87,511.0,sell,NYSE
tx_0002534,2025-06-10 09:45:06,KO,55.71,226.0,sell,NYSE
tx_0006502,2025-06-10 09:45:07,MSFT,302.67,497.0,sell,NASDAQ
tx_0009766,2025-06-10 09:45:07,AAPL,148.87,152.0,sell,NASDAQ
tx_0007118,2025-06-10 09:45:07,DIS,178.34,376.0,sell,NYSE
tx_0007372,2025-06-10 09:45:08,WMT,140.28,425.0,buy,NYSE
tx_0008656,2025-06-10 09:45:14,DIS,178.7,2.0,buy,NYSE
tx_0007267,2025-06-10 09:45:15,BRK.B,280.3,397.0,buy,NYSE
tx_0009077,2025-06-10 09:45:19,GOOGL,2707.87,829.0,buy,NASDAQ
tx_0009386,2025-06-10 09:45:20,NFLX,504.75,738.0,buy,NASDAQ
tx_0008713,2025-06-10 09:45:23,PYPL,251.02,77.0,sell,NASDAQ
tx_0008444,2025-06-10 09:45:24,BRK.B,280.96,44.0,sell,NYSE
tx_0003623,2025-06-10 09:45:27,NFLX,501.84,398.0,sell,NASDAQ
tx_0004938,2025-06-10 09:45:28,PEP,151.15,114.0,buy,NYSE
tx_0008954,2025-06-10 09:45:30,MCD,251.4,333.0,buy,NYSE
tx_0008158,2025-06-10 09:45:32,NVDA,197.2,591.0,buy,NASDAQ
tx_0007628,2025-06-10 09:45:34,TSLA,699.5,221.0,sell,NASDAQ
tx_0003178,2025-06-10 09:45:36,AAPL,148.2,851.0,,NASDAQ
tx_0005510,2025-06-10 09:45:37,KO,56.47,587.0,sell,NYSE
tx_0002714,2025-06-10 09:45:39,PG,139.3,812.0,buy,NYSE
tx_0006079,2025-06-10 09:45:40,NFLX,499.88,845.0,sell,NASDAQ
tx_0003399,2025-06-10 09:45:41,NVDA,200.32,333.0,sell,NASDAQ
tx_0003589,2025-06-10 09:45:43,FB,324.81,80.0,buy,NASDAQ
tx_0007262,2025-06-10 09:45:44,NVDA,200.62,,buy,NASDAQ
tx_0008132,2025-06-10 09:45:44,WMT,140.97,793.0,sell,NYSE
tx_0008135,2025-06-10 09:45:52,MSFT,302.05,745.0,buy,NASDAQ
tx_0009020,2025-06-10 09:45:53,KO,56.74,652.0,buy,NYSE
tx_0007153,2025-06-10 09:46:00,MSFT,299.15,912.0,sell,NASDAQ
tx_0002207,2025-06-10 09:46:02,AMZN,3518.23,274.0,buy,NASDAQ
tx_0005868,2025-06-10 09:46:04,NVDA,197.7,895.0,buy,NASDAQ
tx_0002091,2025-06-10 09:46:05,KO,56.11,783.0,buy,NYSE
tx_0002703,2025-06-10 09:46:07,JNJ,169.88,690.0,buy,NYSE
tx_0003222,2025-06-10 09:46:08,MA,355.6,230.0,sell,NYSE
tx_0000498,2025-06-10 09:46:11,PG,141.72,810.0,sell,NYSE
tx_0001671,2025-06-10 09:46:11,V,218.47,43.0,sell,NYSE
tx_0009033,2025-06-10 09:46:16,AAPL,149.72,385.0,sell,
tx_0002055,2025-06-10 09:46:17,GOOGL,2757.39,989.0,buy,NASDAQ
tx_0005574,2025-06-10 09:46:20,AAPL,149.17,897.0,buy,NASDAQ
tx_0002562,2025-06-10 09:46:30,DIS,181.02,479.0,buy,NYSE
tx_0005846,2025-06-10 09:46:35,FB,329.43,465.0,buy,NASDAQ
tx_0000010,2025-06-10 09:46:39,DIS,179.78,991.0,sell,NYSE
tx_0004061,2025-06-10 09:46:40,GOOGL,2733.5,850.0,sell,NASDAQ
tx_0002636,2025-06-10 09:46:41,BRK.B,278.89,291.0,buy,NYSE
tx_0008882,2025-06-10 09:46:45,PG,141.41,606.0,sell,NYSE
tx_0004251,2025-06-10 09:46:50,PG,140.58,174.0,sell,NYSE
tx_0005212,2025-06-10 09:46:50,PYPL,251.17,517.0,buy,NASDAQ
tx_0009947,2025-06-10 09:46:51,ADBE,608.62,451.0,buy,NASDAQ
tx_0009770,2025-06-10 09:46:52,WMT,140.03,633.0,sell,NYSE
tx_0000647,2025-06-10 09:46:59,PG,141.09,524.0,sell,NYSE
tx_0006225,2025-06-10 09:47:00,PYPL,251.16,672.0,buy,NASDAQ
tx_0005632,2025-06-10 09:47:01,PYPL,250.64,636.0,sell,NASDAQ
tx_0002942,2025-06-10 09:47:04,MCD,250.15,362.0,sell,NYSE
tx_0006104,2025-06-10 09:47:06,GOOGL,2731.57,435.0,buy,NASDAQ
tx_0009064,2025-06-10 09:47:10,DIS,178.95,173.0,buy,NYSE
tx_0008767,2025-06-10 09:47:13,NFLX,499.44,907.0,sell,NASDAQ
tx_0003796,2025-06-10 09:47:13,KO,56.48,143.0,buy,NYSE
tx_0008376,2025-06-10 09:47:14,WMT,140.68,31.0,sell,NYSE
tx_0008172,2025-06-10 09:47:16,V,215.84,840.0,sell,NYSE
tx_0001270,2025-06-10 09:47:24,V,218.13,718.0,sell,NYSE
tx_0007767,2025-06-10 09:47:24,TSLA,690.24,228.0,buy,NASDAQ
tx_0005482,2025-06-10 09:47:26,MSFT,297.92,639.0,sell,NASDAQ
tx_0005721,2025-06-10 09:47:29,PYPL,250.25,980.0,buy,NASDAQ
tx_0002116,2025-06-10 09:47:35,FB,331.98,339.0,sell,NASDAQ
tx_0005525,2025-06-10 09:47:35,AAPL,148.58,940.0,buy,NASDAQ
tx_0000742,2025-06-10 09:47:38,GOOGL,2753.08,779.0,buy,NASDAQ
tx_0000944,2025-06-10 09:47:41,AAPL,148.22,711.0,buy,NASDAQ
tx_0006574,2025-06-10 09:47:44,MSFT,301.91,758.0,buy,NASDAQ
tx_0005696,2025-06-10 09:47:46,ADBE,609.65,110.0,buy,NASDAQ
tx_0005957,2025-06-10 09:47:56,DIS,181.15,817.0,sell,NYSE
tx_0007413,2025-06-10 09:47:56,PG,139.8,781.0,sell,NYSE
tx_0003523,2025-06-10 09:48:01,MCD,250.53,884.0,buy,NYSE
tx_0004145,2025-06-10 09:48:02,MSFT,303.01,359.0,buy,NASDAQ
tx_0002192,2025-06-10 09:48:02,WMT,140.1,710.0,buy,NYSE
tx_0006972,2025-06-10 09:48:05,DIS,179.92,940.0,buy,
tx_0008814,2025-06-10 09:48:06,PYPL,250.98,777.0,sell,NASDAQ
tx_0006594,2025-06-10 09:48:06,NVDA,199.84,274.0,buy,NASDAQ
tx_0008350,2025-06-10 09:48:09,NFLX,496.33,682.0,sell,NASDAQ
tx_0007648,2025-06-10 09:48:09,KO,56.87,71.0,sell,NYSE
tx_0007296,2025-06-10 09:48:11,JNJ,169.39,441.0,buy,NYSE
tx_0006465,2025-06-10 09:48:16,PEP,150.12,189.0,buy,NYSE
tx_0009085,2025-06-10 09:48:18,NVDA,197.89,267.0,sell,NASDAQ
tx_0002407,2025-06-10 09:48:18,MCD,246.46,632.0,sell,NYSE
tx_0002365,2025-06-10 09:48:20,PG,140.23,14.0,sell,NYSE
tx_0009119,2025-06-10 09:48:21,PYPL,250.97,593.0,buy,NASDAQ
tx_0002519,2025-06-10 09:48:21,AMZN,3504.96,16.0,buy,NASDAQ
tx_0007646,2025-06-10 09:48:22,PYPL,250.23,634.0,sell,NASDAQ
tx_0002271,2025-06-10 09:48:24,GOOGL,2751.79,798.0,sell,NASDAQ
tx_0006154,2025-06-10 09:48:26,PYPL,252.37,268.0,sell,NASDAQ
tx_0004920,2025-06-10 09:48:28,MCD,249.76,982.0,buy,NYSE
tx_0000146,2025-06-10 09:48:28,V,,264.0,sell,NYSE
tx_0002493,2025-06-10 09:48:29,BRK.B,277.18,809.0,sell,NYSE
tx_0005783,2025-06-10 09:48:34,ADBE,607.67,753.0,buy,NASDAQ
tx_0009973,2025-06-10 09:48:35,TSLA,701.96,319.0,buy,NASDAQ
tx_0002893,2025-06-10 09:48:36,AMZN,3533.44,569.0,sell,NASDAQ
tx_0007778,2025-06-10 09:48:37,TSLA,702.39,123.0,sell,NASDAQ
tx_0006787,2025-06-10 09:48:37,FB,327.78,791.0,sell,NASDAQ
tx_0008952,2025-06-10 09:48:41,MA,359.45,604.0,sell,NYSE
tx_0000531,2025-06-10 09:48:42,MA,355.86,356.0,buy,NYSE
tx_0002713,2025-06-10 09:48:44,NFLX,498.13,357.0,sell,NASDAQ
tx_0003378,2025-06-10 09:48:46,DIS,179.73,635.0,sell,NYSE
tx_0003566,2025-06-10 09:48:47,NFLX,495.56,463.0,sell,NASDAQ
tx_0005245,2025-06-10 09:48:47,KO,56.34,326.0,buy,NYSE
tx_0005953,2025-06-10 09:48:48,JNJ,168.29,671.0,sell,NYSE
tx_0001130,2025-06-10 09:48:50,GOOGL,2722.33,663.0,buy,NASDAQ
tx_0004511,2025-06-10 09:48:50,AMZN,3534.34,815.0,sell,NASDAQ
tx_0005851,2025-06-10 09:48:52,MA,354.9,562.0,sell,NYSE
tx_0001561,2025-06-10 09:49:00,DIS,178.92,107.0,buy,NYSE
tx_0008991,2025-06-10 09:49:01,MCD,250.12,815.0,sell,NYSE
tx_0002595,2025-06-10 09:49:02,AMZN,3475.97,937.0,buy,NASDAQ
tx_0000803,2025-06-10 09:49:08,MSFT,300.44,933.0,sell,NASDAQ
tx_0004999,2025-06-10 09:49:08,PG,141.49,498.0,buy,NYSE
tx_0002425,2025-06-10 09:49:09,AAPL,148.35,655.0,buy,NASDAQ
tx_0007786,2025-06-10 09:49:13,GOOGL,2761.57,413.0,buy,NASDAQ
tx_0002540,2025-06-10 09:49:13,FB,327.51,729.0,sell,NASDAQ
tx_0007293,2025-06-10 09:49:15,PG,141.41,256.0,sell,NYSE
tx_0001871,2025-06-10 09:49:20,V,214.62,311.0,sell,NYSE
tx_0004696,2025-06-10 09:49:25,MA,360.08,945.0,sell,NYSE
tx_0002013,2025-06-10 09:49:27,MCD,248.35,776.0,buy,NYSE
tx_0005523,2025-06-10 09:49:27,AMZN,3495.02,217.0,sell,NASDAQ
tx_0007375,2025-06-10 09:49:29,PEP,149.35,907.0,sell,NYSE
tx_0004104,2025-06-10 09:49:29,KO,56.48,303.0,sell,NYSE
tx_0004197,2025-06-10 09:49:34,MA,355.56,790.0,sell,NYSE
tx_0009172,2025-06-10 09:49:34,DIS,180.04,33.0,sell,NYSE
tx_0004300,2025-06-10 09:49:35,WMT,141.32,314.0,buy,NYSE
tx_0008384,2025-06-10 09:49:36,MA,355.08,297.0,buy,NYSE
tx_0000268,2025-06-10 09:49:40,KO,56.62,357.0,sell,NYSE
tx_0004328,2025-06-10 09:49:43,DIS,179.22,894.0,sell,NYSE
tx_0001541,2025-06-10 09:49:45,MA,355.59,802.0,sell,NYSE
tx_0004175,2025-06-10 09:49:46,NFLX,498.42,958.0,buy,NASDAQ
tx_0002280,2025-06-10 09:49:48,JNJ,167.62,400.0,buy,NYSE
tx_0002943,2025-06-10 09:49:50,MCD,251.32,406.0,buy,NYSE
tx_0001525,2025-06-10 09:49:53,GOOGL,2732.73,412.0,buy,NASDAQ
tx_0007414,2025-06-10 09:49:53,PYPL,249.38,342.0,buy,NASDAQ
tx_0002881,2025-06-10 09:49:54,DIS,178.6,113.0,sell,NYSE
tx_0001545,2025-06-10 09:49:56,MCD,,681.0,buy,NYSE
tx_0007901,2025-06-10 09:50:02,AMZN,3512.98,355.0,sell,NASDAQ
tx_0003304,2025-06-10 09:50:06,PEP,149.77,681.0,buy,NYSE
tx_0000418,2025-06-10 09:50:07,V,216.42,323.0,buy,NYSE
tx_0004366,2025-06-10 09:50:16,GOOGL,2726.82,101.0,sell,NASDAQ
tx_0008845,2025-06-10 09:50:19,PG,142.01,556.0,sell,NYSE
tx_0000403,2025-06-10 09:50:20,DIS,177.85,914.0,buy,NYSE
tx_0003702,2025-06-10 09:50:21,MCD,250.86,842.0,buy,NYSE
tx_0003869,2025-06-10 09:50:21,PEP,149.11,448.0,,NYSE
tx_0003206,2025-06-10 09:50:24,MSFT,298.88,435.0,buy,NASDAQ
tx_0005189,2025-06-10 09:50:26,AMZN,3467.02,163.0,sell,NASDAQ
tx_0004474,2025-06-10 09:50:35,NVDA,196.11,797.0,sell,NASDAQ
tx_0002008,2025-06-10 09:50:35,FB,329.54,949.0,sell,NASDAQ
tx_0002779,2025-06-10 09:50:37,PYPL,248.02,757.0,sell,NASDAQ
tx_0006890,2025-06-10 09:50:38,FB,327.07,,buy,NASDAQ
tx_0007008,2025-06-10 09:50:40,PG,139.47,962.0,sell,NYSE
tx_0007790,2025-06-10 09:50:42,BRK.B,282.91,588.0,buy,NYSE
tx_0003360,2025-06-10 09:50:44,MCD,248.94,720.0,buy,NYSE
tx_0004397,2025-06-10 09:50:45,MCD,249.44,769.0,buy,NYSE
tx_0007048,2025-06-10 09:50:57,PYPL,250.99,159.0,buy,NASDAQ
tx_0005886,2025-06-10 09:51:08,PYPL,248.09,150.0,buy,NASDAQ
tx_0006293,2025-06-10 09:51:11,V,215.52,268.0,sell,NYSE
tx_0009855,2025-06-10 09:51:11,TSLA,695.49,304.0,buy,NASDAQ
tx_0008071,2025-06-10 09:51:16,MCD,249.75,988.0,buy,NYSE
tx_0002200,2025-06-10 09:51:17,NFLX,497.31,2.0,sell,NASDAQ
tx_0007289,2025-06-10 09:51:17,AMZN,3510.99,620.0,buy,NASDAQ
tx_0009309,2025-06-10 09:51:22,AMZN,3474.27,158.0,buy,NASDAQ
tx_0004028,2025-06-10 09:51:23,TSLA,701.28,601.0,buy,NASDAQ
tx_0006791,2025-06-10 09:51:24,PYPL,249.41,630.0,buy,NASDAQ
tx_0003051,2025-06-10 09:51:26,MSFT,302.93,955.0,sell,NASDAQ
tx_0001984,2025-06-10 09:51:29,AMZN,3510.49,58.0,sell,NASDAQ
tx_0001099,2025-06-10 09:51:29,V,217.61,188.0,sell,NYSE
tx_0002256,2025-06-10 09:51:30,MSFT,297.97,467.0,sell,NASDAQ
tx_0001301,2025-06-10 09:51:30,JNJ,167.74,319.0,sell,NYSE
tx_0003471,2025-06-10 09:51:31,TSLA,696.57,810.0,sell,NASDAQ
tx_0003192,2025-06-10 09:51:32,TSLA,694.71,8.0,buy,NASDAQ
tx_0003177,2025-06-10 09:51:34,NFLX,503.16,76.0,sell,NASDAQ
tx_0004520,2025-06-10 09:51:34,PYPL,250.58,609.0,sell,NASDAQ
tx_0009898,2025-06-10 09:51:40,AAPL,149.45,87.0,buy,NASDAQ
tx_0006678,2025-06-10 09:51:43,MSFT,298.99,992.0,buy,NASDAQ
tx_0005977,2025-06-10 09:51:45,AAPL,147.7,386.0,sell,NASDAQ
tx_0006727,2025-06-10 09:51:48,V,213.32,26.0,sell,NYSE
tx_0004092,2025-06-10 09:51:50,GOOGL,2738.93,612.0,sell,NASDAQ
tx_0007454,2025-06-10 09:51:50,AMZN,3464.81,819.0,sell,NASDAQ
tx_0002122,2025-06-10 09:51:52,ADBE,607.08,648.0,sell,NASDAQ
tx_0006695,2025-06-10 09:51:55,MSFT,296.95,590.0,sell,NASDAQ
tx_0003365,2025-06-10 09:51:59,MCD,251.13,514.0,buy,NYSE
tx_0004990,2025-06-10 09:52:02,BRK.B,280.59,244.0,sell,NYSE
tx_0006532,2025-06-10 09:52:04,MA,356.93,694.0,buy,NYSE
tx_0000068,2025-06-10 09:52:07,BRK.B,283.1,60.0,sell,NYSE
tx_0005400,2025-06-10 09:52:24,PYPL,249.99,923.0,buy,NASDAQ
tx_0009567,2025-06-10 09:52:24,MSFT,299.06,776.0,buy,NASDAQ
tx_0002958,2025-06-10 09:52:24,DIS,178.72,563.0,sell,NYSE
tx_0001821,2025-06-10 09:52:25,AMZN,3508.74,768.0,sell,NASDAQ
tx_0002764,2025-06-10 09:52:27,ADBE,604.1,920.0,sell,NASDAQ
tx_0002023,2025-06-10 09:52:27,PEP,150.37,455.0,buy,NYSE
tx_0003568,2025-06-10 09:52:28,PEP,150.46,581.0,buy,NYSE
tx_0000376,2025-06-10 09:52:31,AMZN,3540.03,209.0,buy,NASDAQ
tx_0001433,2025-06-10 09:52:32,KO,57.74,268.0,sell,NYSE
tx_0007880,2025-06-10 09:52:32,NVDA,197.41,256.0,buy,NASDAQ
tx_0004610,2025-06-10 09:52:34,AMZN,3530.58,342.0,sell,NASDAQ
tx_0003267,2025-06-10 09:52:35,NFLX,500.65,390.0,buy,NASDAQ
tx_0003706,2025-06-10 09:52:40,PEP,150.44,846.0,sell,NYSE
tx_0001507,2025-06-10 09:52:40,V,216.68,247.0,sell,NYSE
tx_0007191,2025-06-10 09:52:41,MCD,249.65,508.0,sell,NYSE
tx_0007370,2025-06-10 09:52:45,JNJ,168.21,608.0,sell,NYSE
tx_0007469,2025-06-10 09:52:48,DIS,180.54,544.0,sell,NYSE
tx_0002159,2025-06-10 09:52:51,MCD,248.24,763.0,sell,NYSE
tx_0008835,2025-06-10 09:52:52,TSLA,704.53,558.0,buy,NASDAQ
tx_0005779,2025-06-10 09:52:56,BRK.B,284.53,163.0,buy,NYSE
tx_0000361,2025-06-10 09:52:57,DIS,179.36,571.0,sell,NYSE
tx_0006008,2025-06-10 09:52:57,FB,324.32,599.0,sell,NASDAQ
tx_0002336,2025-06-10 09:52:57,PEP,150.6,99.0,buy,NYSE
tx_0006769,2025-06-10 09:52:58,PG,139.22,146.0,sell,NYSE
tx_0008471,2025-06-10 09:52:58,JNJ,168.21,915.0,sell,NYSE
tx_0001843,2025-06-10 09:52:58,BRK.B,280.17,986.0,buy,NYSE
tx_0005480,2025-06-10 09:52:59,PYPL,251.3,23.0,sell,NASDAQ
tx_0007672,2025-06-10 09:52:59,NVDA,195.04,548.0,buy,NASDAQ
tx_0008647,2025-06-10 09:53:00,PG,141.17,972.0,buy,NYSE
tx_0000281,2025-06-10 09:53:02,MA,354.16,493.0,buy,NYSE
tx_0005654,2025-06-10 09:53:02,TSLA,705.92,305.0,buy,NASDAQ
tx_0007631,2025-06-10 09:53:02,DIS,177.71,228.0,buy,NYSE
tx_0003031,2025-06-10 09:53:04,V,215.21,501.0,sell,NYSE
tx_0004675,2025-06-10 09:53:05,MA,353.99,757.0,buy,NYSE
tx_0007314,2025-06-10 09:53:05,WMT,139.88,696.0,sell,NYSE
tx_0001280,2025-06-10 09:53:08,WMT,141.38,72.0,sell,NYSE
tx_0009532,2025-06-10 09:53:15,TSLA,698.63,103.0,sell,NASDAQ
tx_0000920,2025-06-10 09:53:17,AMZN,3491.27,87.0,buy,NASDAQ
tx_0008290,2025-06-10 09:53:17,PEP,149.09,53.0,sell,NYSE
tx_0007599,2025-06-10 09:53:19,PEP,151.01,260.0,buy,NYSE
tx_0007070,2025-06-10 09:53:25,AMZN,3485.53,156.0,buy,NASDAQ
tx_0009417,2025-06-10 09:53:27,V,,173.0,buy,NYSE
tx_0009403,2025-06-10 09:53:27,PG,140.24,20.0,buy,NYSE
tx_0004970,2025-06-10 09:53:34,JNJ,168.41,124.0,sell,NYSE
tx_0003078,2025-06-10 09:53:35,GOOGL,2709.37,119.0,buy,NASDAQ
tx_0004758,2025-06-10 09:53:41,WMT,138.6,257.0,buy,NYSE
tx_0005440,2025-06-10 09:53:44,DIS,180.1,110.0,sell,NYSE
tx_0004521,2025-06-10 09:53:45,KO,57.82,807.0,sell,NYSE
tx_0007216,2025-06-10 09:53:46,V,214.85,358.0,sell,NYSE
tx_0006713,2025-06-10 09:53:47,NVDA,195.41,243.0,sell,NASDAQ
tx_0009581,2025-06-10 09:53:50,PG,140.06,362.0,buy,NYSE
tx_0003212,2025-06-10 09:53:52,PYPL,250.27,651.0,buy,NASDAQ
tx_0006964,2025-06-10 09:53:55,AMZN,3506.59,561.0,buy,NASDAQ
tx_0009285,2025-06-10 09:53:58,MSFT,302.13,418.0,sell,
tx_0003952,2025-06-10 09:54:03,PG,141.21,87.0,sell,NYSE
tx_0004714,2025-06-10 09:54:03,NVDA,194.87,142.0,buy,NASDAQ
tx_0002807,2025-06-10 09:54:05,GOOGL,2708.36,428.0,sell,NASDAQ
tx_0006171,2025-06-10 09:54:05,MA,353.32,221.0,buy,NYSE
tx_0006903,2025-06-10 09:54:09,JNJ,168.65,315.0,buy,NYSE
tx_0008419,2025-06-10 09:54:10,PYPL,247.4,677.0,buy,NASDAQ
tx_0009771,2025-06-10 09:54:11,DIS,178.65,539.0,buy,NYSE
tx_0004179,2025-06-10 09:54:16,AAPL,147.15,236.0,buy,NASDAQ
tx_0004553,2025-06-10 09:54:18,MA,352.63,910.0,buy,NYSE
tx_0006161,2025-06-10 09:54:19,AAPL,147.23,478.0,buy,NASDAQ
tx_0000231,2025-06-10 09:54:21,V,216.89,153.0,sell,NYSE
tx_0007709,2025-06-10 09:54:22,KO,56.85,756.0,sell,NYSE
tx_0005702,2025-06-10 09:54:24,BRK.B,281.78,212.0,sell,NYSE
tx_0003843,2025-06-10 09:54:29,FB,326.04,313.0,sell,NASDAQ
tx_0004923,2025-06-10 09:54:31,MSFT,299.8,550.0,buy,NASDAQ
tx_0008083,2025-06-10 09:54:35,WMT,140.12,770.0,buy,NYSE
tx_0005805,2025-06-10 09:54:41,PG,141.12,546.0,sell,NYSE
tx_0000991,2025-06-10 09:54:42,PYPL,249.25,483.0,sell,NASDAQ
tx_0009729,2025-06-10 09:54:47,PYPL,246.82,343.0,buy,NASDAQ
tx_0006831,2025-06-10 09:54:52,NVDA,198.42,806.0,sell,NASDAQ
tx_0005974,2025-06-10 09:54:54,BRK.B,278.09,199.0,sell,NYSE
tx_0000052,2025-06-10 09:54:55,MCD,244.44,735.0,sell,NYSE
tx_0004912,2025-06-10 09:54:55,GOOGL,2707.88,46.0,sell,NASDAQ
tx_0009589,2025-06-10 09:54:57,PYPL,248.37,187.0,buy,NASDAQ
tx_0001937,2025-06-10 09:55:01,PEP,149.73,364.0,sell,NYSE
tx_0002304,2025-06-10 09:55:15,TSLA,701.02,74.0,sell,NASDAQ
tx_0009421,2025-06-10 09:55:15,PG,140.81,961.0,sell,NYSE
tx_0007624,2025-06-10 09:55:15,NVDA,197.44,181.0,buy,NASDAQ
tx_0007707,2025-06-10 09:55:16,ADBE,602.89,464.0,sell,NASDAQ
tx_0003995,2025-06-10 09:55:18,KO,56.74,252.0,buy,NYSE
tx_0004760,2025-06-10 09:55:18,WMT,139.7,137.0,buy,NYSE
tx_0003669,2025-06-10 09:55:18,MSFT,298.94,766.0,buy,NASDAQ
tx_0004560,2025-06-10 09:55:25,V,213.24,71.0,buy,NYSE
tx_0007395,2025-06-10 09:55:25,GOOGL,2735.89,331.0,sell,NASDAQ
tx_0001636,2025-06-10 09:55:28,MSFT,297.99,627.0,sell,
tx_0003238,2025-06-10 09:55:34,MSFT,298.8,784.0,sell,NASDAQ
tx_0006038,2025-06-10 09:55:37,GOOGL,2703.13,394.0,buy,NASDAQ
tx_0005551,2025-06-10 09:55:49,MSFT,298.37,147.0,sell,NASDAQ
tx_0007319,2025-06-10 09:55:50,MCD,246.44,896.0,sell,NYSE
tx_0000521,2025-06-10 09:55:51,BRK.B,283.04,575.0,buy,NYSE
tx_0005767,2025-06-10 09:55:51,PYPL,246.46,539.0,buy,NASDAQ
tx_0008127,2025-06-10 09:55:53,FB,327.19,663.0,buy,NASDAQ
tx_0003994,2025-06-10 09:55:57,MCD,247.49,898.0,sell,NYSE
tx_0006106,2025-06-10 09:55:59,DIS,,631.0,sell,NYSE
tx_0003293,2025-06-10 09:56:07,PG,139.98,904.0,buy,NYSE
tx_0007478,2025-06-10 09:56:08,NFLX,496.15,933.0,sell,NASDAQ
tx_0006379,2025-06-10 09:56:09,MSFT,301.11,746.0,sell,NASDAQ
tx_0006343,2025-06-10 09:56:09,GOOGL,2729.11,185.0,sell,NASDAQ
tx_0004998,2025-06-10 09:56:12,MCD,248.32,838.0,sell,NYSE
tx_0008791,2025-06-10 09:56:14,JNJ,167.04,62.0,buy,NYSE
tx_0003141,2025-06-10 09:56:15,AAPL,146.54,293.0,sell,NASDAQ
tx_0006381,2025-06-10 09:56:18,JNJ,169.05,580.0,sell,NYSE
tx_0005728,2025-06-10 09:56:19,AAPL,147.97,943.0,buy,NASDAQ
tx_0007042,2025-06-10 09:56:20,MCD,248.06,494.0,sell,NYSE
tx_0001326,2025-06-10 09:56:22,PG,138.94,777.0,buy,NYSE
tx_0006351,2025-06-10 09:56:22,PEP,151.14,330.0,buy,NYSE
tx_0007506,2025-06-10 09:56:24,PYPL,248.58,625.0,sell,NASDAQ
tx_0000091,2025-06-10 09:56:31,ADBE,597.18,642.0,buy,NASDAQ
tx_0004385,2025-06-10 09:56:32,BRK.B,277.57,58.0,buy,NYSE
tx_0008602,2025-06-10 09:56:33,MCD,244.94,423.0,buy,NYSE
tx_0005513,2025-06-10 09:56:37,MA,353.89,639.0,sell,NYSE
tx_0005152,2025-06-10 09:56:39,TSLA,700.91,441.0,buy,NASDAQ
tx_0002898,2025-06-10 09:56:40,GOOGL,2728.56,832.0,buy,NASDAQ
tx_0001016,2025-06-10 09:56:40,WMT,139.62,153.0,sell,NYSE
tx_0008832,2025-06-10 09:56:41,AAPL,148.32,72.0,buy,NASDAQ
tx_0009148,2025-06-10 09:56:42,MSFT,298.99,540.0,sell,NASDAQ
tx_0009848,2025-06-10 09:56:47,PG,140.09,971.0,buy,NYSE
tx_0001642,2025-06-10 09:56:48,JNJ,168.01,594.0,buy,NYSE
tx_0003721,2025-06-10 09:56:52,V,215.68,66.0,buy,NYSE
tx_0007751,2025-06-10 09:56:53,ADBE,604.9,983.0,buy,NASDAQ
tx_0006204,2025-06-10 09:56:55,PYPL,247.25,330.0,buy,NASDAQ
tx_0003296,2025-06-10 09:56:56,PG,140.26,993.0,buy,NYSE
tx_0003362,2025-06-10 09:56:57,ADBE,602.31,480.0,sell,NASDAQ
tx_0002622,2025-06-10 09:56:57,DIS,179.84,707.0,buy,NYSE
tx_0006425,2025-06-10 09:56:58,FB,331.4,534.0,buy,NASDAQ
tx_0002283,2025-06-10 09:56:58,KO,57.65,674.0,sell,NYSE
tx_0004045,2025-06-10 09:56:59,KO,57.7,491.0,buy,
tx_0003773,2025-06-10 09:57:01,KO,57.1,882.0,sell,NYSE
tx_0002947,2025-06-10 09:57:08,PG,,1.0,buy,NYSE
tx_0006537,2025-06-10 09:57:12,ADBE,602.72,241.0,sell,NASDAQ
tx_0008705,2025-06-10 09:57:12,MSFT,302.02,94.0,buy,NASDAQ
tx_0007802,2025-06-10 09:57:15,AAPL,148.61,337.0,sell,NASDAQ
tx_0005439,2025-06-10 09:57:19,AMZN,3503.61,81.0,buy,NASDAQ
tx_0008210,2025-06-10 09:57:19,TSLA,700.71,341.0,sell,NASDAQ
tx_0003985,2025-06-10 09:57:20,GOOGL,2740.15,135.0,buy,NASDAQ
tx_0008482,2025-06-10 09:57:20,AMZN,3492.57,93.0,sell,NASDAQ
tx_0000410,2025-06-10 09:57:20,JNJ,167.68,710.0,sell,NYSE
tx_0001835,2025-06-10 09:57:23,TSLA,709.38,31.0,buy,NASDAQ
tx_0001393,2025-06-10 09:57:23,AMZN,3559.36,635.0,sell,NASDAQ
tx_0008418,2025-06-10 09:57:27,JNJ,169.0,435.0,sell,NYSE
tx_0005220,2025-06-10 09:57:28,PEP,151.13,939.0,buy,NYSE
tx_0006003,2025-06-10 09:57:30,NVDA,195.84,505.0,sell,NASDAQ
tx_0008162,2025-06-10 09:57:31,NVDA,198.1,506.0,buy,NASDAQ
tx_0002619,2025-06-10 09:57:34,KO,56.64,625.0,buy,NYSE
tx_0009108,2025-06-10 09:57:37,AMZN,3491.44,61.0,buy,NASDAQ
tx_0002366,2025-06-10 09:57:39,PG,140.12,650.0,sell,NYSE
tx_0000886,2025-06-10 09:57:39,V,215.54,953.0,sell,NYSE
tx_0006635,2025-06-10 09:57:40,JNJ,169.0,214.0,sell,NYSE
tx_0005203,2025-06-10 09:57:42,AMZN,3524.1,608.0,buy,NASDAQ
tx_0008226,2025-06-10 09:57:52,NFLX,493.69,580.0,buy,NASDAQ
tx_0009214,2025-06-10 09:57:53,PG,138.86,358.0,buy,NYSE
tx_0001554,2025-06-10 09:57:54,KO,56.76,88.0,sell,NYSE
tx_0006418,2025-06-10 09:57:56,FB,329.66,297.0,sell,NASDAQ
tx_0001249,2025-06-10 09:57:59,AMZN,3534.42,492.0,sell,NASDAQ
tx_0003943,2025-06-10 09:58:02,KO,57.27,422.0,buy,NYSE
tx_0005588,2025-06-10 09:58:05,KO,57.56,425.0,buy,NYSE
tx_0002758,2025-06-10 09:58:07,PEP,150.82,639.0,sell,NYSE
tx_0009004,2025-06-10 09:58:07,NVDA,197.18,121.0,buy,NASDAQ
tx_0007477,2025-06-10 09:58:13,MSFT,303.2,432.0,buy,NASDAQ
tx_0000337,2025-06-10 09:58:13,FB,330.16,880.0,buy,NASDAQ
tx_0005883,2025-06-10 09:58:14,BRK.B,281.04,664.0,buy,NYSE
tx_0004086,2025-06-10 09:58:15,PG,140.5,553.0,buy,NYSE
tx_0006422,2025-06-10 09:58:15,AMZN,3487.0,278.0,sell,NASDAQ
tx_0000510,2025-06-10 09:58:15,AMZN,3520.9,720.0,buy,NASDAQ
tx_0009476,2025-06-10 09:58:17,JNJ,166.16,165.0,buy,NYSE
tx_0004775,2025-06-10 09:58:18,WMT,137.89,518.0,sell,NYSE
tx_0008109,2025-06-10 09:58:18,AMZN,3546.39,106.0,sell,NASDAQ
tx_0000794,2025-06-10 09:58:22,PEP,148.31,135.0,buy,NYSE
tx_0007714,2025-06-10 09:58:27,PG,140.56,910.0,buy,NYSE
tx_0001665,2025-06-10 09:58:28,MA,356.94,482.0,buy,NYSE
tx_0009372,2025-06-10 09:58:34,MCD,246.7,472.0,sell,NYSE
tx_0004058,2025-06-10 09:58:34,BRK.B,278.28,149.0,sell,NYSE
tx_0001779,2025-06-10 09:58:37,AAPL,146.05,876.0,buy,NASDAQ
tx_0005615,2025-06-10 09:58:38,NVDA,198.36,758.0,sell,NASDAQ
tx_0002569,2025-06-10 09:58:38,BRK.B,274.49,544.0,buy,NYSE
tx_0008274,2025-06-10 09:58:39,MCD,245.81,673.0,sell,NYSE
tx_0004543,2025-06-10 09:58:42,MSFT,303.82,131.0,buy,NASDAQ
tx_0003021,2025-06-10 09:58:44,MCD,243.35,268.0,buy,NYSE
tx_0001744,2025-06-10 09:58:47,MCD,247.35,636.0,buy,NYSE
tx_0008271,2025-06-10 09:58:53,KO,57.56,601.0,sell,NYSE
tx_0005304,2025-06-10 09:58:54,PG,139.4,167.0,buy,NYSE
tx_0007627,2025-06-10 09:58:55,TSLA,695.67,421.0,sell,NASDAQ
tx_0004564,2025-06-10 09:59:01,PYPL,248.55,231.0,buy,NASDAQ
tx_0009054,2025-06-10 09:59:08,V,211.48,124.0,buy,NYSE
tx_0003132,2025-06-10 09:59:10,V,213.92,169.0,buy,NYSE
tx_0000163,2025-06-10 09:59:14,TSLA,699.27,65.0,buy,NASDAQ
tx_0009933,2025-06-10 09:59:15,TSLA,704.14,933.0,buy,NASDAQ
tx_0006874,2025-06-10 09:59:16,NVDA,195.72,926.0,buy,NASDAQ
tx_0006519,2025-06-10 09:59:22,MSFT,299.02,955.0,sell,NASDAQ
tx_0002888,2025-06-10 09:59:24,JNJ,168.09,624.0,sell,NYSE
tx_0005099,2025-06-10 09:59:25,AMZN,3522.63,716.0,buy,NASDAQ
tx_0008600,2025-06-10 09:59:26,KO,56.68,398.0,sell,NYSE
tx_0004041,2025-06-10 09:59:28,MSFT,299.49,53.0,sell,NASDAQ
tx_0001746,2025-06-10 09:59:31,FB,333.94,869.0,sell,NASDAQ
tx_0008995,2025-06-10 09:59:31,ADBE,599.13,325.0,sell,NASDAQ
tx_0001947,2025-06-10 09:59:39,JNJ,166.91,354.0,buy,NYSE
tx_0002842,2025-06-10 09:59:44,MCD,242.2,716.0,buy,NYSE
tx_0002616,2025-06-10 09:59:47,ADBE,602.23,786.0,sell,NASDAQ
tx_0009616,2025-06-10 09:59:47,BRK.B,276.39,698.0,buy,NYSE
tx_0006142,2025-06-10 09:59:48,AMZN,3508.31,356.0,sell,NASDAQ
tx_0005802,2025-06-10 09:59:53,FB,331.77,332.0,buy,NASDAQ
tx_0004784,2025-06-10 10:00:00,FB,327.74,135.0,buy,NASDAQ
tx_0009822,2025-06-10 10:00:00,PEP,149.26,290.0,buy,NYSE
tx_0005260,2025-06-10 10:00:00,MSFT,302.8,947.0,sell,NASDAQ
tx_0009497,2025-06-10 10:00:00,BRK.B,279.85,230.0,buy,NYSE
tx_0004804,2025-06-10 10:00:06,NFLX,499.0,423.0,buy,NASDAQ
tx_0006514,2025-06-10 10:00:09,FB,327.58,564.0,buy,NASDAQ
tx_0006865,2025-06-10 10:00:10,BRK.B,277.87,768.0,buy,NYSE
tx_0000224,2025-06-10 10:00:10,PEP,149.75,599.0,sell,NYSE
tx_0004954,2025-06-10 10:00:12,DIS,180.1,414.0,buy,NYSE
tx_0007108,2025-06-10 10:00:19,WMT,139.57,305.0,sell,NYSE
tx_0004460,2025-06-10 10:00:23,MA,,239.0,buy,NYSE
tx_0007030,2025-06-10 10:00:23,NVDA,197.37,851.0,buy,NASDAQ
tx_0008790,2025-06-10 10:00:29,KO,57.73,434.0,sell,NYSE
tx_0005284,2025-06-10 10:00:34,TSLA,694.59,857.0,buy,NASDAQ
tx_0007113,2025-06-10 10:00:35,V,213.25,289.0,buy,NYSE
tx_0001667,2025-06-10 10:00:35,AAPL,145.63,667.0,sell,NASDAQ
tx_0000714,2025-06-10 10:00:35,NVDA,198.29,639.0,sell,NASDAQ
tx_0001148,2025-06-10 10:00:36,MA,357.31,948.0,buy,NYSE
tx_0009930,2025-06-10 10:00:43,MA,352.21,292.0,sell,NYSE
tx_0009297,2025-06-10 10:00:49,AMZN,3554.23,763.0,buy,NASDAQ
tx_0002270,2025-06-10 10:00:51,JNJ,166.43,37.0,sell,NYSE
tx_0000682,2025-06-10 10:00:52,AAPL,147.19,460.0,buy,NASDAQ
tx_0002111,2025-06-10 10:00:54,JNJ,166.82,430.0,sell,NYSE
tx_0002198,2025-06-10 10:00:56,GOOGL,2717.81,213.0,buy,NASDAQ
tx_0005729,2025-06-10 10:00:56,AAPL,145.89,293.0,buy,NASDAQ
tx_0000147,2025-06-10 10:00:57,TSLA,701.89,515.0,sell,NASDAQ
tx_0003681,2025-06-10 10:00:58,AAPL,145.3,175.0,sell,
tx_0000184,2025-06-10 10:00:59,AMZN,3523.57,84.0,buy,NASDAQ
tx_0006383,2025-06-10 10:00:59,FB,327.43,456.0,sell,NASDAQ
tx_0009000,2025-06-10 10:00:59,AAPL,145.35,784.0,buy,NASDAQ
tx_0004906,2025-06-10 10:00:59,JNJ,167.44,135.0,buy,NYSE
tx_0000228,2025-06-10 10:01:03,GOOGL,2736.88,107.0,sell,NASDAQ
tx_0000935,2025-06-10 10:01:08,GOOGL,2753.36,716.0,buy,NASDAQ
tx_0008099,2025-06-10 10:01:11,V,215.1,536.0,sell,NYSE
tx_0003194,2025-06-10 10:01:14,BRK.B,279.82,861.0,buy,NYSE
tx_0009582,2025-06-10 10:01:15,NVDA,196.42,719.0,,NASDAQ
tx_0001432,2025-06-10 10:01:16,AAPL,147.35,439.0,buy,NASDAQ
tx_0003978,2025-06-10 10:01:19,MSFT,299.03,823.0,sell,NASDAQ
tx_0000050,2025-06-10 10:01:20,V,215.27,641.0,buy,NYSE
tx_0009114,2025-06-10 10:01:23,JNJ,167.15,625.0,buy,NYSE
tx_0006847,2025-06-10 10:01:23,TSLA,694.63,239.0,buy,NASDAQ
tx_0009681,2025-06-10 10:01:24,MA,351.9,704.0,sell,NYSE
tx_0003788,2025-06-10 10:01:24,PYPL,245.63,312.0,sell,NASDAQ
tx_0000290,2025-06-10 10:01:29,MCD,245.15,2.0,sell,NYSE
tx_0007325,2025-06-10 10:01:29,NVDA,197.27,666.0,buy,
tx_0003634,2025-06-10 10:01:32,PG,139.65,340.0,buy,NYSE
tx_0004667,2025-06-10 10:01:38,PYPL,246.82,286.0,sell,NASDAQ
tx_0005747,2025-06-10 10:01:43,TSLA,691.69,922.0,buy,NASDAQ
tx_0008328,2025-06-10 10:01:45,KO,57.56,980.0,sell,NYSE
tx_0004554,2025-06-10 10:01:47,MCD,243.77,262.0,sell,NYSE
tx_0009734,2025-06-10 10:01:53,FB,324.81,746.0,sell,NASDAQ
tx_0002653,2025-06-10 10:01:55,MSFT,300.0,804.0,buy,NASDAQ
tx_0000047,2025-06-10 10:02:02,AMZN,3527.84,178.0,sell,NASDAQ
tx_0005001,2025-06-10 10:02:03,PG,138.69,802.0,sell,NYSE
tx_0004994,2025-06-10 10:02:03,JNJ,168.57,559.0,sell,NYSE
tx_0001405,2025-06-10 10:02:03,NFLX,497.86,531.0,sell,NASDAQ
tx_0001711,2025-06-10 10:02:12,WMT,137.61,311.0,buy,NYSE
tx_0000180,2025-06-10 10:02:13,DIS,180.05,788.0,buy,NYSE
tx_0009565,2025-06-10 10:02:14,TSLA,700.41,269.0,sell,NASDAQ
tx_0008820,2025-06-10 10:02:14,NFLX,497.53,280.0,buy,NASDAQ
tx_0009922,2025-06-10 10:02:15,MSFT,302.17,553.0,buy,NASDAQ
tx_0007440,2025-06-10 10:02:15,AMZN,3501.73,841.0,sell,NASDAQ
tx_0006938,2025-06-10 10:02:18,MSFT,303.72,310.0,buy,NASDAQ
tx_0001254,2025-06-10 10:02:18,PYPL,250.6,394.0,buy,NASDAQ
tx_0002175,2025-06-10 10:02:20,ADBE,599.22,31.0,buy,NASDAQ
tx_0001874,2025-06-10 10:02:23,DIS,179.36,776.0,buy,NYSE
tx_0002957,2025-06-10 10:02:23,NFLX,500.51,837.0,buy,NASDAQ
tx_0001063,2025-06-10 10:02:24,NFLX,498.12,206.0,buy,NASDAQ
tx_0000284,2025-06-10 10:02:27,ADBE,607.64,209.0,buy,NASDAQ
tx_0001694,2025-06-10 10:02:29,JNJ,168.65,181.0,sell,NYSE
tx_0006652,2025-06-10 10:02:36,AAPL,148.23,522.0,buy,NASDAQ
tx_0006177,2025-06-10 10:02:46,PEP,149.28,990.0,sell,NYSE
tx_0004170,2025-06-10 10:02:48,WMT,137.52,349.0,buy,NYSE
tx_0002438,2025-06-10 10:02:48,FB,329.81,258.0,buy,NASDAQ
tx_0005146,2025-06-10 10:02:49,NVDA,197.39,685.0,buy,NASDAQ
tx_0000969,2025-06-10 10:02:56,JNJ,167.18,961.0,sell,NYSE
tx_0005230,2025-06-10 10:03:03,WMT,137.41,426.0,sell,NYSE
tx_0008425,2025-06-10 10:03:05,MA,352.78,259.0,buy,NYSE
tx_0000933,2025-06-10 10:03:08,JNJ,165.44,287.0,buy,NYSE
tx_0000898,2025-06-10 10:03:10,PYPL,246.5,541.0,,NASDAQ
tx_0006987,2025-06-10 10:03:23,JNJ,166.18,466.0,buy,NYSE
tx_0004814,2025-06-10 10:03:27,AMZN,3530.13,,sell,NASDAQ
tx_0005852,2025-06-10 10:03:29,GOOGL,2746.29,942.0,sell,NASDAQ
tx_0008853,2025-06-10 10:03:30,AMZN,3488.73,832.0,buy,NASDAQ
tx_0008816,2025-06-10 10:03:30,AAPL,146.46,365.0,buy,NASDAQ
tx_0006339,2025-06-10 10:03:33,FB,326.85,546.0,buy,NASDAQ
tx_0000538,2025-06-10 10:03:38,WMT,137.57,704.0,sell,NYSE
tx_0007575,2025-06-10 10:03:40,PYPL,249.66,931.0,buy,NASDAQ
tx_0008895,2025-06-10 10:03:41,JNJ,167.15,209.0,buy,NYSE
tx_0009494,2025-06-10 10:03:42,JNJ,165.73,146.0,sell,NYSE
tx_0001566,2025-06-10 10:03:42,JNJ,165.84,643.0,buy,NYSE
tx_0002119,2025-06-10 10:03:44,MSFT,304.89,275.0,sell,NASDAQ
tx_0003752,2025-06-10 10:03:49,WMT,138.82,,sell,NYSE
tx_0006317,2025-06-10 10:03:51,NVDA,197.31,662.0,sell,NASDAQ
tx_0002460,2025-06-10 10:03:53,V,214.03,309.0,sell,NYSE
tx_0003694,2025-06-10 10:03:54,AMZN,3533.8,592.0,buy,NASDAQ
tx_0007419,2025-06-10 10:03:54,JNJ,168.06,17.0,sell,NYSE
tx_0002728,2025-06-10 10:03:58,MCD,243.6,140.0,sell,NYSE
tx_0009242,2025-06-10 10:03:58,ADBE,604.06,769.0,sell,NASDAQ
tx_0003511,2025-06-10 10:04:06,PEP,152.04,432.0,buy,NYSE
tx_0002724,2025-06-10 10:04:11,WMT,139.59,851.0,sell,NYSE
tx_0002238,2025-06-10 10:04:13,ADBE,607.14,543.0,sell,NASDAQ
tx_0000045,2025-06-10 10:04:14,PEP,150.32,277.0,buy,NYSE
tx_0000834,2025-06-10 10:04:20,ADBE,603.83,563.0,sell,NASDAQ
tx_0009317,2025-06-10 10:04:22,MCD,246.65,459.0,sell,NYSE
tx_0006193,2025-06-10 10:04:23,DIS,181.75,38.0,buy,NYSE
tx_0003322,2025-06-10 10:04:28,NFLX,504.56,620.0,sell,NASDAQ
tx_0007003,2025-06-10 10:04:29,FB,329.94,713.0,sell,NASDAQ
tx_0002924,2025-06-10 10:04:29,DIS,182.58,191.0,sell,NYSE
tx_0009173,2025-06-10 10:04:32,NFLX,497.07,568.0,buy,
tx_0008454,2025-06-10 10:04:34,MCD,242.34,212.0,buy,NYSE
tx_0008220,2025-06-10 10:04:36,PEP,151.38,890.0,buy,NYSE
tx_0003247,2025-06-10 10:04:37,NVDA,198.29,604.0,sell,NASDAQ
tx_0004539,2025-06-10 10:04:37,PEP,151.57,608.0,sell,NYSE
tx_0007282,2025-06-10 10:04:39,NVDA,,800.0,sell,NASDAQ
tx_0003524,2025-06-10 10:04:40,JNJ,166.63,54.0,buy,NYSE
tx_0004783,2025-06-10 10:04:42,PEP,150.82,77.0,sell,NYSE
tx_0009216,2025-06-10 10:04:44,PEP,150.22,877.0,buy,NYSE
tx_0000343,2025-06-10 10:04:48,V,211.23,962.0,sell,NYSE
tx_0009250,2025-06-10 10:04:48,FB,328.78,502.0,buy,NASDAQ
tx_0002364,2025-06-10 10:04:52,PG,139.65,739.0,buy,NYSE
tx_0003447,2025-06-10 10:04:54,FB,331.1,130.0,buy,NASDAQ
tx_0000981,2025-06-10 10:04:56,BRK.B,273.97,683.0,buy,NYSE
tx_0004846,2025-06-10 10:04:59,ADBE,601.15,713.0,sell,NASDAQ
tx_0006305,2025-06-10 10:04:59,V,212.31,847.0,buy,NYSE
tx_0009021,2025-06-10 10:05:00,WMT,138.12,675.0,sell,NYSE
tx_0007126,2025-06-10 10:05:02,GOOGL,2752.55,839.0,sell,NASDAQ
tx_0003600,2025-06-10 10:05:03,GOOGL,2762.12,98.0,buy,NASDAQ
tx_0009579,2025-06-10 10:05:07,MA,355.09,28.0,sell,NYSE
tx_0005572,2025-06-10 10:05:08,PEP,151.07,62.0,sell,NYSE
tx_0007982,2025-06-10 10:05:09,PEP,152.0,189.0,sell,NYSE
tx_0006806,2025-06-10 10:05:11,PG,138.65,143.0,buy,NYSE
tx_0005404,2025-06-10 10:05:13,MA,352.13,408.0,buy,NYSE
tx_0002323,2025-06-10 10:05:20,ADBE,608.11,777.0,buy,NASDAQ
tx_0007093,2025-06-10 10:05:22,TSLA,695.58,955.0,sell,NASDAQ
tx_0008417,2025-06-10 10:05:32,FB,327.96,928.0,sell,NASDAQ
tx_0001255,2025-06-10 10:05:38,PEP,152.85,906.0,sell,NYSE
tx_0001448,2025-06-10 10:05:38,NFLX,500.58,251.0,buy,NASDAQ
tx_0007780,2025-06-10 10:05:40,BRK.B,276.42,104.0,buy,NYSE
tx_0002890,2025-06-10 10:05:42,V,214.72,133.0,buy,NYSE
tx_0007480,2025-06-10 10:05:43,ADBE,600.83,83.0,sell,NASDAQ
tx_0005909,2025-06-10 10:05:48,AMZN,3501.53,625.0,,NASDAQ
tx_0004577,2025-06-10 10:05:50,JNJ,167.59,813.0,buy,NYSE
tx_0007940,2025-06-10 10:05:52,AAPL,148.8,979.0,buy,NASDAQ
tx_0005144,2025-06-10 10:05:53,PG,139.17,705.0,buy,NYSE
tx_0005964,2025-06-10 10:05:55,GOOGL,2761.72,368.0,buy,NASDAQ
tx_0004228,2025-06-10 10:05:56,MSFT,302.78,901.0,buy,NASDAQ
tx_0001092,2025-06-10 10:05:57,FB,326.9,452.0,buy,NASDAQ
tx_0005652,2025-06-10 10:05:58,PEP,152.29,840.0,buy,NYSE
tx_0009542,2025-06-10 10:06:00,AAPL,148.5,491.0,buy,NASDAQ
tx_0002341,2025-06-10 10:06:04,NVDA,197.71,678.0,buy,NASDAQ
tx_0007475,2025-06-10 10:06:05,BRK.B,276.77,589.0,sell,NYSE
tx_0003826,2025-06-10 10:06:07,PG,138.39,783.0,sell,NYSE
tx_0009508,2025-06-10 10:06:09,PYPL,246.73,699.0,sell,NASDAQ
tx_0003760,2025-06-10 10:06:09,AMZN,3472.08,850.0,sell,NASDAQ
tx_0002990,2025-06-10 10:06:11,GOOGL,2749.36,332.0,buy,NASDAQ
tx_0006625,2025-06-10 10:06:17,NFLX,493.54,760.0,sell,NASDAQ
tx_0006330,2025-06-10 10:06:20,NFLX,499.59,713.0,sell,NASDAQ
tx_0007825,2025-06-10 10:06:20,KO,56.83,978.0,sell,NYSE
tx_0000878,2025-06-10 10:06:21,KO,56.57,529.0,sell,NYSE
tx_0009239,2025-06-10 10:06:21,MCD,241.92,683.0,sell,NYSE
tx_0002210,2025-06-10 10:06:21,KO,56.78,190.0,sell,NYSE
tx_0007076,2025-06-10 10:06:22,JNJ,166.02,747.0,sell,NYSE
tx_0000288,2025-06-10 10:06:23,TSLA,695.63,416.0,sell,NASDAQ
tx_0004585,2025-06-10 10:06:24,NFLX,,474.0,sell,NASDAQ
tx_0008723,2025-06-10 10:06:27,MSFT,300.87,459.0,sell,NASDAQ
tx_0006553,2025-06-10 10:06:28,WMT,140.85,630.0,sell,NYSE
tx_0005579,2025-06-10 10:06:29,PYPL,248.89,1000.0,buy,NASDAQ
tx_0005842,2025-06-10 10:06:30,MA,355.55,848.0,sell,NYSE
tx_0007201,2025-06-10 10:06:31,PYPL,251.26,851.0,buy,NASDAQ
tx_0007134,2025-06-10 10:06:32,TSLA,695.06,936.0,buy,NASDAQ
tx_0005254,2025-06-10 10:06:36,JNJ,168.01,908.0,buy,NYSE
tx_0008263,2025-06-10 10:06:42,FB,326.04,947.0,buy,NASDAQ
tx_0000779,2025-06-10 10:06:42,JNJ,166.6,574.0,sell,NYSE
tx_0007112,2025-06-10 10:06:45,AMZN,3513.64,143.0,buy,NASDAQ
tx_0002075,2025-06-10 10:06:45,FB,326.39,335.0,sell,NASDAQ
tx_0002352,2025-06-10 10:06:46,BRK.B,277.78,69.0,sell,NYSE
tx_0008451,2025-06-10 10:06:47,NVDA,197.71,793.0,sell,NASDAQ
tx_0005878,2025-06-10 10:06:47,AMZN,3493.22,304.0,sell,NASDAQ
tx_0001713,2025-06-10 10:06:49,MA,355.65,955.0,sell,NYSE
tx_0000561,2025-06-10 10:06:51,V,212.82,437.0,buy,NYSE
tx_0006887,2025-06-10 10:06:52,FB,326.72,812.0,sell,NASDAQ
tx_0000134,2025-06-10 10:06:53,NFLX,492.1,270.0,sell,NASDAQ
tx_0001048,2025-06-10 10:06:55,WMT,139.71,294.0,buy,NYSE
tx_0002834,2025-06-10 10:06:58,V,214.1,293.0,sell,NYSE
tx_0009254,2025-06-10 10:06:58,PG,139.88,45.0,buy,NYSE
tx_0004671,2025-06-10 10:06:58,PG,139.01,,sell,NYSE
tx_0005118,2025-06-10 10:06:59,DIS,181.71,558.0,sell,NYSE
tx_0002952,2025-06-10 10:06:59,PEP,151.62,114.0,sell,NYSE
tx_0001358,2025-06-10 10:07:00,MCD,243.95,802.0,sell,NYSE
tx_0000325,2025-06-10 10:07:02,MSFT,298.31,439.0,sell,NASDAQ
tx_0004808,2025-06-10 10:07:02,JNJ,167.27,25.0,buy,NYSE
tx_0007760,2025-06-10 10:07:03,PEP,151.47,382.0,sell,NYSE
tx_0000221,2025-06-10 10:07:07,NFLX,495.87,672.0,sell,NASDAQ
tx_0000760,2025-06-10 10:07:10,KO,56.52,952.0,buy,NYSE
tx_0002752,2025-06-10 10:07:14,AMZN,3471.37,235.0,sell,NASDAQ
tx_0003850,2025-06-10 10:07:15,V,215.45,43.0,buy,NYSE
tx_0005870,2025-06-10 10:07:16,FB,326.13,258.0,buy,NASDAQ
tx_0007338,2025-06-10 10:07:19,NVDA,197.38,268.0,buy,NASDAQ
tx_0006817,2025-06-10 10:07:20,MA,358.17,180.0,buy,NYSE
tx_0005075,2025-06-10 10:07:24,FB,324.43,685.0,sell,NASDAQ
tx_0008866,2025-06-10 10:07:25,WMT,141.08,869.0,buy,NYSE
tx_0007920,2025-06-10 10:07:28,KO,56.55,801.0,sell,NYSE
tx_0005084,2025-06-10 10:07:30,ADBE,608.56,630.0,sell,NASDAQ
tx_0008639,2025-06-10 10:07:31,AAPL,145.39,5.0,buy,NASDAQ
tx_0009643,2025-06-10 10:07:36,JNJ,167.09,639.0,buy,NYSE
tx_0009879,2025-06-10 10:07:40,TSLA,692.98,579.0,sell,NASDAQ
tx_0004335,2025-06-10 10:07:44,PEP,151.69,252.0,buy,NYSE
tx_0007040,2025-06-10 10:07:46,KO,57.2,903.0,sell,NYSE
tx_0005226,2025-06-10 10:07:47,KO,57.33,437.0,sell,NYSE
tx_0001243,2025-06-10 10:07:49,NFLX,493.08,243.0,,NASDAQ
tx_0003668,2025-06-10 10:07:52,MA,352.76,524.0,sell,NYSE
tx_0005537,2025-06-10 10:07:54,PYPL,249.73,505.0,buy,NASDAQ
tx_0005772,2025-06-10 10:08:00,AMZN,3467.53,255.0,buy,NASDAQ
tx_0009913,2025-06-10 10:08:01,FB,330.41,306.0,sell,NASDAQ
tx_0006447,2025-06-10 10:08:11,PG,139.56,366.0,sell,NYSE
tx_0002237,2025-06-10 10:08:12,AMZN,3479.81,678.0,sell,NASDAQ
tx_0009792,2025-06-10 10:08:17,MCD,240.04,469.0,sell,NYSE
tx_0001813,2025-06-10 10:08:17,PG,138.31,832.0,buy,NYSE
tx_0009831,2025-06-10 10:08:18,BRK.B,277.56,879.0,buy,NYSE
tx_0003809,2025-06-10 10:08:18,PEP,150.74,294.0,buy,NYSE
tx_0001047,2025-06-10 10:08:20,NVDA,197.86,767.0,buy,NASDAQ
tx_0007276,2025-06-10 10:08:26,AMZN,3502.29,371.0,sell,NASDAQ
tx_0003824,2025-06-10 10:08:27,PEP,152.9,704.0,buy,NYSE
tx_0000712,2025-06-10 10:08:29,PG,140.05,864.0,buy,NYSE
tx_0007895,2025-06-10 10:08:29,FB,325.29,934.0,sell,NASDAQ
tx_0001595,2025-06-10 10:08:36,KO,56.56,,buy,NYSE
tx_0003042,2025-06-10 10:08:41,TSLA,700.31,844.0,buy,NASDAQ
tx_0007978,2025-06-10 10:08:45,PEP,151.73,877.0,sell,NYSE
tx_0007288,2025-06-10 10:08:45,MSFT,302.32,557.0,sell,NASDAQ
tx_0000785,2025-06-10 10:08:53,V,212.64,495.0,buy,NYSE
tx_0005335,2025-06-10 10:08:53,BRK.B,278.71,469.0,sell,NYSE
tx_0007237,2025-06-10 10:08:56,PYPL,250.37,925.0,buy,NASDAQ
tx_0009136,2025-06-10 10:09:02,V,214.33,425.0,sell,NYSE
tx_0009329,2025-06-10 10:09:02,PYPL,247.53,920.0,buy,NASDAQ
tx_0003953,2025-06-10 10:09:04,ADBE,607.18,596.0,sell,NASDAQ
tx_0002347,2025-06-10 10:09:07,AAPL,146.34,358.0,buy,NASDAQ
tx_0003272,2025-06-10 10:09:12,AMZN,3481.34,987.0,sell,NASDAQ
tx_0006545,2025-06-10 10:09:15,DIS,183.49,636.0,sell,NYSE
tx_0006855,2025-06-10 10:09:21,ADBE,604.07,216.0,buy,NASDAQ
tx_0004593,2025-06-10 10:09:25,NVDA,198.0,792.0,sell,NASDAQ
tx_0004724,2025-06-10 10:09:37,DIS,184.05,747.0,buy,NYSE
tx_0001571,2025-06-10 10:09:38,V,212.15,787.0,buy,NYSE
tx_0000406,2025-06-10 10:09:39,TSLA,690.13,197.0,sell,NASDAQ
tx_0005874,2025-06-10 10:09:40,GOOGL,2710.88,964.0,sell,NASDAQ
tx_0003530,2025-06-10 10:09:43,AMZN,3467.19,821.0,sell,NASDAQ
tx_0008084,2025-06-10 10:09:47,GOOGL,2728.93,74.0,buy,NASDAQ
tx_0003876,2025-06-10 10:09:51,MA,361.07,865.0,buy,NYSE
tx_0004406,2025-06-10 10:09:54,PG,140.87,460.0,buy,NYSE
tx_0008017,2025-06-10 10:09:57,FB,328.89,399.0,sell,NASDAQ
tx_0009330,2025-06-10 10:09:58,KO,56.18,906.0,buy,NYSE
tx_0002345,2025-06-10 10:10:04,WMT,142.68,349.0,sell,NYSE
tx_0009578,2025-06-10 10:10:08,NVDA,200.64,582.0,buy,NASDAQ
tx_0004464,2025-06-10 10:10:09,DIS,183.7,418.0,buy,NYSE
tx_0002981,2025-06-10 10:10:10,NVDA,200.1,112.0,buy,NASDAQ
tx_0009452,2025-06-10 10:10:13,WMT,141.48,550.0,buy,NYSE
tx_0007857,2025-06-10 10:10:14,MCD,242.61,765.0,sell,NYSE
tx_0008086,2025-06-10 10:10:15,NFLX,500.13,857.0,buy,NASDAQ
tx_0002208,2025-06-10 10:10:16,FB,328.97,53.0,buy,NASDAQ
tx_0004917,2025-06-10 10:10:16,AMZN,3524.98,278.0,buy,NASDAQ
tx_0004308,2025-06-10 10:10:22,PEP,151.88,956.0,sell,NYSE
tx_0000708,2025-06-10 10:10:24,DIS,184.37,885.0,sell,NYSE
tx_0004195,2025-06-10 10:10:27,PG,138.55,952.0,sell,NYSE
tx_0003846,2025-06-10 10:10:33,NFLX,499.03,943.0,sell,NASDAQ
tx_0008375,2025-06-10 10:10:34,ADBE,596.12,62.0,sell,NASDAQ
tx_0002049,2025-06-10 10:10:36,MA,358.33,45.0,buy,NYSE
tx_0006544,2025-06-10 10:10:36,PYPL,247.41,376.0,sell,NASDAQ
tx_0002971,2025-06-10 10:10:40,JNJ,167.92,178.0,buy,NYSE
tx_0002218,2025-06-10 10:10:40,FB,326.84,612.0,buy,NASDAQ
tx_0003597,2025-06-10 10:10:43,AAPL,144.29,129.0,buy,NASDAQ
tx_0005434,2025-06-10 10:10:43,NFLX,500.04,545.0,buy,NASDAQ
tx_0002316,2025-06-10 10:10:43,PG,140.18,964.0,sell,NYSE
tx_0009704,2025-06-10 10:10:44,JNJ,167.66,32.0,sell,NYSE
tx_0000724,2025-06-10 10:10:44,AAPL,146.23,351.0,sell,NASDAQ
tx_0007410,2025-06-10 10:10:50,MA,353.55,984.0,sell,NYSE
tx_0002799,2025-06-10 10:10:51,MA,358.33,819.0,sell,NYSE
tx_0002973,2025-06-10 10:10:55,DIS,182.84,217.0,buy,NYSE
tx_0003928,2025-06-10 10:10:55,DIS,183.61,623.0,sell,NYSE
tx_0000517,2025-06-10 10:11:00,PG,139.93,105.0,sell,NYSE
tx_0005548,2025-06-10 10:11:03,KO,57.06,716.0,sell,NYSE
tx_0007425,2025-06-10 10:11:07,ADBE,606.42,104.0,buy,NASDAQ
tx_0003495,2025-06-10 10:11:09,FB,323.7,396.0,buy,NASDAQ
tx_0002050,2025-06-10 10:11:11,PG,141.07,986.0,buy,NYSE
tx_0009134,2025-06-10 10:11:12,PYPL,247.9,678.0,buy,NASDAQ
tx_0005070,2025-06-10 10:11:20,KO,56.55,756.0,sell,NYSE
tx_0003220,2025-06-10 10:11:23,WMT,142.19,914.0,buy,NYSE
tx_0001885,2025-06-10 10:11:25,KO,56.23,770.0,sell,NYSE
tx_0003026,2025-06-10 10:11:34,MCD,243.76,230.0,sell,NYSE
tx_0001822,2025-06-10 10:11:35,NFLX,498.92,100.0,sell,NASDAQ
tx_0005071,2025-06-10 10:11:38,JNJ,166.0,947.0,buy,NYSE
tx_0002658,2025-06-10 10:11:41,NFLX,493.01,580.0,buy,NASDAQ
tx_0009455,2025-06-10 10:11:45,NVDA,196.52,742.0,buy,NASDAQ
tx_0005352,2025-06-10 10:11:46,AMZN,3517.09,665.0,sell,NASDAQ
tx_0002579,2025-06-10 10:11:46,NVDA,197.68,824.0,buy,NASDAQ
tx_0006005,2025-06-10 10:11:47,NVDA,198.79,320.0,buy,NASDAQ
tx_0002666,2025-06-10 10:11:50,PEP,151.19,747.0,buy,NYSE
tx_0002476,2025-06-10 10:11:51,DIS,182.88,721.0,sell,NYSE
tx_0004840,2025-06-10 10:11:51,KO,56.13,344.0,sell,NYSE
tx_0001025,2025-06-10 10:11:52,BRK.B,277.7,638.0,sell,NYSE
tx_0009541,2025-06-10 10:11:53,JNJ,167.29,532.0,sell,NYSE
tx_0000605,2025-06-10 10:11:56,JNJ,166.98,62.0,sell,NYSE
tx_0007955,2025-06-10 10:11:56,GOOGL,2725.7,971.0,sell,NASDAQ
tx_0000880,2025-06-10 10:11:57,NFLX,499.04,90.0,sell,NASDAQ
tx_0001893,2025-06-10 10:11:58,MCD,244.1,168.0,buy,NYSE
tx_0003914,2025-06-10 10:12:02,NVDA,197.35,643.0,buy,
tx_0004382,2025-06-10 10:12:04,NVDA,198.02,211.0,sell,NASDAQ
tx_0001560,2025-06-10 10:12:04,WMT,141.89,342.0,buy,NYSE
tx_0001728,2025-06-10 10:12:05,GOOGL,2737.48,182.0,sell,NASDAQ
tx_0008309,2025-06-10 10:12:07,V,212.42,18.0,buy,NYSE
tx_0007716,2025-06-10 10:12:09,PYPL,249.24,937.0,sell,NASDAQ
tx_0008133,2025-06-10 10:12:10,NFLX,491.81,816.0,buy,NASDAQ
tx_0005898,2025-06-10 10:12:10,DIS,185.78,604.0,sell,NYSE
tx_0004304,2025-06-10 10:12:14,PYPL,247.18,295.0,buy,NASDAQ
tx_0001438,2025-06-10 10:12:16,MCD,242.86,474.0,buy,NYSE
tx_0003743,2025-06-10 10:12:16,PEP,153.29,50.0,buy,NYSE
tx_0003891,2025-06-10 10:12:24,AAPL,144.71,47.0,sell,NASDAQ
tx_0004330,2025-06-10 10:12:24,MCD,243.74,333.0,sell,NYSE
tx_0002259,2025-06-10 10:12:25,MSFT,300.87,536.0,sell,NASDAQ
tx_0005179,2025-06-10 10:12:29,GOOGL,2721.74,978.0,buy,NASDAQ
tx_0001508,2025-06-10 10:12:32,V,216.05,643.0,sell,NYSE
tx_0007047,2025-06-10 10:12:32,PG,140.67,347.0,buy,NYSE
tx_0006481,2025-06-10 10:12:33,TSLA,,2.0,sell,NASDAQ
tx_0006370,2025-06-10 10:12:33,KO,56.28,790.0,buy,NYSE
tx_0005629,2025-06-10 10:12:34,FB,329.95,778.0,sell,NASDAQ
tx_0004133,2025-06-10 10:12:34,TSLA,687.41,658.0,sell,NASDAQ
tx_0004734,2025-06-10 10:12:34,V,213.15,539.0,sell,NYSE
tx_0002014,2025-06-10 10:12:35,GOOGL,2713.96,349.0,buy,NASDAQ
tx_0007474,2025-06-10 10:12:36,AMZN,3501.98,307.0,buy,NASDAQ
tx_0007983,2025-06-10 10:12:41,TSLA,688.87,779.0,sell,NASDAQ
tx_0001422,2025-06-10 10:12:42,DIS,185.44,630.0,buy,NYSE
tx_0001413,2025-06-10 10:12:44,WMT,142.21,435.0,buy,NYSE
tx_0002152,2025-06-10 10:12:47,MSFT,298.13,415.0,,NASDAQ
tx_0007763,2025-06-10 10:12:48,BRK.B,278.54,89.0,buy,NYSE
tx_0001673,2025-06-10 10:12:53,GOOGL,2713.84,516.0,sell,
tx_0001994,2025-06-10 10:12:55,WMT,,869.0,sell,NYSE
tx_0001295,2025-06-10 10:12:55,FB,328.32,569.0,buy,NASDAQ
tx_0001327,2025-06-10 10:12:56,GOOGL,2716.42,516.0,sell,NASDAQ
tx_0008584,2025-06-10 10:12:56,JNJ,167.05,61.0,buy,NYSE
tx_0007586,2025-06-10 10:12:57,WMT,142.77,726.0,sell,NYSE
tx_0002689,2025-06-10 10:12:58,MA,360.39,110.0,buy,NYSE
tx_0000598,2025-06-10 10:13:01,ADBE,594.27,,buy,NASDAQ
tx_0001064,2025-06-10 10:13:06,GOOGL,2742.54,736.0,buy,NASDAQ
tx_0008967,2025-06-10 10:13:08,NVDA,195.39,424.0,sell,NASDAQ
tx_0001313,2025-06-10 10:13:09,TSLA,693.55,480.0,sell,NASDAQ
tx_0003981,2025-06-10 10:13:11,PG,140.2,220.0,buy,NYSE
tx_0006254,2025-06-10 10:13:16,GOOGL,2723.06,973.0,buy,NASDAQ
tx_0006870,2025-06-10 10:13:18,MCD,242.88,983.0,buy,NYSE
tx_0000440,2025-06-10 10:13:25,GOOGL,2745.55,724.0,sell,NASDAQ
tx_0003942,2025-06-10 10:13:26,AMZN,3543.68,703.0,sell,NASDAQ
tx_0009669,2025-06-10 10:13:29,FB,328.17,320.0,sell,NASDAQ
tx_0002598,2025-06-10 10:13:29,MSFT,297.62,798.0,sell,NASDAQ
tx_0006929,2025-06-10 10:13:36,MCD,242.78,549.0,sell,NYSE
tx_0001354,2025-06-10 10:13:39,AMZN,3497.05,514.0,buy,NASDAQ
tx_0007025,2025-06-10 10:13:40,TSLA,687.45,340.0,sell,NASDAQ
tx_0001187,2025-06-10 10:13:41,ADBE,605.97,464.0,sell,NASDAQ
tx_0006582,2025-06-10 10:13:54,NVDA,195.96,752.0,sell,NASDAQ
tx_0006174,2025-06-10 10:13:56,PG,,500.0,sell,NYSE
tx_0007829,2025-06-10 10:14:04,PYPL,248.94,877.0,buy,NASDAQ
tx_0009278,2025-06-10 10:14:06,BRK.B,,244.0,buy,NYSE
tx_0006535,2025-06-10 10:14:06,FB,328.0,907.0,sell,NASDAQ
tx_0006219,2025-06-10 10:14:08,V,213.27,180.0,buy,NYSE
tx_0009103,2025-06-10 10:14:10,PYPL,250.46,764.0,buy,NASDAQ
tx_0005371,2025-06-10 10:14:11,AAPL,145.0,103.0,buy,NASDAQ
tx_0003912,2025-06-10 10:14:16,MSFT,298.71,990.0,sell,NASDAQ
tx_0005204,2025-06-10 10:14:17,PG,141.11,752.0,sell,NYSE
tx_0001381,2025-06-10 10:14:19,BRK.B,273.53,453.0,sell,NYSE
tx_0006851,2025-06-10 10:14:22,KO,56.61,970.0,sell,NYSE
tx_0008700,2025-06-10 10:14:25,NVDA,196.87,904.0,sell,NASDAQ
tx_0000937,2025-06-10 10:14:26,MCD,244.36,185.0,sell,NYSE
tx_0002467,2025-06-10 10:14:28,BRK.B,275.06,115.0,sell,NYSE
tx_0005274,2025-06-10 10:14:31,FB,327.51,611.0,buy,NASDAQ
tx_0004765,2025-06-10 10:14:31,ADBE,596.91,331.0,buy,NASDAQ
tx_0003053,2025-06-10 10:14:33,JNJ,167.1,720.0,buy,NYSE
tx_0008974,2025-06-10 10:14:36,BRK.B,278.49,890.0,buy,NYSE
tx_0005743,2025-06-10 10:14:42,DIS,184.43,512.0,buy,NYSE
tx_0002857,2025-06-10 10:14:43,AMZN,3492.61,435.0,sell,NASDAQ
tx_0005717,2025-06-10 10:14:50,NVDA,197.13,160.0,sell,NASDAQ
tx_0001910,2025-06-10 10:14:52,PYPL,251.84,517.0,buy,NASDAQ
tx_0000085,2025-06-10 10:14:53,MSFT,301.69,341.0,sell,NASDAQ
tx_0009516,2025-06-10 10:14:55,KO,56.18,693.0,sell,NYSE
tx_0009939,2025-06-10 10:14:56,KO,56.03,447.0,buy,NYSE
tx_0007148,2025-06-10 10:15:05,MCD,245.66,845.0,sell,NYSE
tx_0001308,2025-06-10 10:15:08,GOOGL,2732.45,678.0,buy,NASDAQ
tx_0006691,2025-06-10 10:15:20,FB,330.76,137.0,sell,NASDAQ
tx_0003666,2025-06-10 10:15:24,MCD,243.48,77.0,buy,NYSE
tx_0005321,2025-06-10 10:15:28,MSFT,298.92,844.0,buy,NASDAQ
tx_0001165,2025-06-10 10:15:30,MCD,245.71,566.0,buy,NYSE
tx_0006577,2025-06-10 10:15:35,V,214.91,699.0,sell,NYSE
tx_0001971,2025-06-10 10:15:36,NFLX,500.8,492.0,sell,NASDAQ
tx_0001889,2025-06-10 10:15:36,ADBE,595.27,318.0,sell,NASDAQ
tx_0002078,2025-06-10 10:15:38,BRK.B,275.1,661.0,buy,NYSE
tx_0002432,2025-06-10 10:15:42,FB,327.33,742.0,sell,NASDAQ
tx_0000469,2025-06-10 10:15:44,PEP,153.75,657.0,buy,NYSE
tx_0000600,2025-06-10 10:15:45,JNJ,167.19,403.0,buy,NYSE
tx_0005756,2025-06-10 10:15:46,TSLA,692.6,774.0,sell,NASDAQ
tx_0007067,2025-06-10 10:15:52,PEP,153.64,724.0,buy,NYSE
tx_0006918,2025-06-10 10:15:52,MCD,246.81,556.0,sell,NYSE
tx_0007455,2025-06-10 10:15:53,MA,357.8,60.0,sell,NYSE
tx_0000309,2025-06-10 10:15:54,PG,139.91,770.0,sell,NYSE
tx_0005960,2025-06-10 10:15:55,DIS,184.94,28.0,sell,NYSE
tx_0002594,2025-06-10 10:15:59,JNJ,168.82,146.0,buy,NYSE
tx_0001650,2025-06-10 10:16:00,NFLX,497.83,37.0,sell,NASDAQ
tx_0004549,2025-06-10 10:16:04,GOOGL,2765.04,559.0,sell,NASDAQ
tx_0004143,2025-06-10 10:16:11,AAPL,145.88,161.0,sell,NASDAQ
tx_0009812,2025-06-10 10:16:11,FB,328.49,892.0,buy,NASDAQ
tx_0009429,2025-06-10 10:16:13,NVDA,196.39,50.0,sell,NASDAQ
tx_0007028,2025-06-10 10:16:16,PEP,153.86,852.0,buy,NYSE
tx_0003678,2025-06-10 10:16:23,GOOGL,2734.49,319.0,buy,NASDAQ
tx_0001457,2025-06-10 10:16:23,MSFT,297.34,507.0,sell,NASDAQ
tx_0004125,2025-06-10 10:16:27,PG,141.17,248.0,buy,NYSE
tx_0003439,2025-06-10 10:16:30,KO,55.36,330.0,sell,NYSE
tx_0004723,2025-06-10 10:16:32,DIS,186.01,658.0,sell,NYSE
tx_0002430,2025-06-10 10:16:35,PEP,153.14,285.0,buy,NYSE
tx_0007567,2025-06-10 10:16:37,BRK.B,273.97,,,NYSE
tx_0005508,2025-06-10 10:16:38,MCD,245.12,961.0,buy,NYSE
tx_0008363,2025-06-10 10:16:38,NVDA,195.12,750.0,buy,NASDAQ
tx_0002485,2025-06-10 10:16:41,AMZN,3479.98,361.0,buy,NASDAQ
tx_0000070,2025-06-10 10:16:41,WMT,141.52,896.0,buy,NYSE
tx_0001418,2025-06-10 10:16:42,PEP,153.17,2.0,buy,NYSE
tx_0000585,2025-06-10 10:16:42,GOOGL,2767.2,413.0,buy,NASDAQ
tx_0009970,2025-06-10 10:16:42,KO,56.51,574.0,sell,NYSE
tx_0007083,2025-06-10 10:16:43,FB,330.16,560.0,sell,NASDAQ
tx_0002510,2025-06-10 10:16:46,PEP,154.14,986.0,buy,NYSE
tx_0005646,2025-06-10 10:16:47,JNJ,169.34,510.0,buy,NYSE
tx_0009662,2025-06-10 10:16:50,MA,356.37,99.0,buy,NYSE
tx_0000812,2025-06-10 10:16:55,V,211.64,779.0,sell,NYSE
tx_0003790,2025-06-10 10:16:59,PG,140.21,927.0,sell,NYSE
tx_0000313,2025-06-10 10:17:00,BRK.B,273.09,187.0,sell,NYSE
tx_0002181,2025-06-10 10:17:03,FB,329.86,64.0,buy,NASDAQ
tx_0004813,2025-06-10 10:17:04,PG,139.02,431.0,sell,NYSE
tx_0000223,2025-06-10 10:17:08,AMZN,3525.39,697.0,sell,NASDAQ
tx_0000212,2025-06-10 10:17:09,TSLA,696.13,204.0,buy,NASDAQ
tx_0006446,2025-06-10 10:17:12,V,213.52,372.0,buy,NYSE
tx_0006815,2025-06-10 10:17:13,FB,330.45,305.0,buy,NASDAQ
tx_0009220,2025-06-10 10:17:14,BRK.B,275.24,395.0,buy,NYSE
tx_0000299,2025-06-10 10:17:15,MCD,242.52,312.0,buy,NYSE
tx_0005703,2025-06-10 10:17:16,FB,329.58,603.0,sell,NASDAQ
tx_0007491,2025-06-10 10:17:22,DIS,186.15,712.0,sell,NYSE
tx_0008897,2025-06-10 10:17:27,TSLA,699.72,165.0,sell,NASDAQ
tx_0002421,2025-06-10 10:17:28,MCD,246.23,632.0,buy,NYSE
tx_0009676,2025-06-10 10:17:28,PYPL,251.99,549.0,sell,NASDAQ
tx_0004795,2025-06-10 10:17:32,DIS,183.98,678.0,sell,NYSE
tx_0004089,2025-06-10 10:17:39,AAPL,145.4,941.0,sell,NASDAQ
tx_0009550,2025-06-10 10:17:40,DIS,184.55,805.0,buy,NYSE
tx_0006694,2025-06-10 10:17:41,AMZN,3542.61,318.0,sell,NASDAQ
tx_0004959,2025-06-10 10:17:42,ADBE,599.53,388.0,sell,NASDAQ
tx_0007105,2025-06-10 10:17:42,NFLX,495.89,396.0,buy,NASDAQ
tx_0008093,2025-06-10 10:17:49,KO,56.55,856.0,sell,NYSE
tx_0009320,2025-06-10 10:17:51,MA,359.33,501.0,sell,NYSE
tx_0005505,2025-06-10 10:17:54,TSLA,702.6,100.0,buy,NASDAQ
tx_0008682,2025-06-10 10:18:02,V,214.09,276.0,sell,NYSE
tx_0006372,2025-06-10 10:18:04,MCD,245.5,65.0,sell,NYSE
tx_0005466,2025-06-10 10:18:05,WMT,142.17,403.0,sell,NYSE
tx_0002351,2025-06-10 10:18:06,TSLA,692.73,682.0,sell,NASDAQ
tx_0002727,2025-06-10 10:18:06,WMT,142.66,475.0,sell,NYSE
tx_0007149,2025-06-10 10:18:07,ADBE,604.88,298.0,sell,NASDAQ
tx_0005754,2025-06-10 10:18:09,NVDA,195.33,518.0,buy,NASDAQ
tx_0004903,2025-06-10 10:18:11,GOOGL,2732.95,553.0,sell,NASDAQ
tx_0002836,2025-06-10 10:18:11,TSLA,691.48,274.0,buy,NASDAQ
tx_0006394,2025-06-10 10:18:16,DIS,183.13,920.0,buy,NYSE
tx_0002145,2025-06-10 10:18:16,V,211.46,520.0,sell,NYSE
tx_0004001,2025-06-10 10:18:20,NFLX,498.33,687.0,buy,NASDAQ
tx_0005015,2025-06-10 10:18:25,DIS,183.97,438.0,sell,NYSE
tx_0006095,2025-06-10 10:18:25,KO,56.08,894.0,buy,NYSE
tx_0004787,2025-06-10 10:18:27,PG,139.78,781.0,buy,NYSE
tx_0001857,2025-06-10 10:18:29,NVDA,,967.0,buy,NASDAQ
tx_0002268,2025-06-10 10:18:32,MSFT,292.83,572.0,buy,NASDAQ
tx_0004853,2025-06-10 10:18:36,NFLX,494.86,204.0,buy,NASDAQ
tx_0005745,2025-06-10 10:18:38,MA,355.93,40.0,buy,NYSE
tx_0003961,2025-06-10 10:18:38,NVDA,197.9,999.0,buy,NASDAQ
tx_0003310,2025-06-10 10:18:38,TSLA,693.96,148.0,buy,NASDAQ
tx_0001205,2025-06-10 10:18:43,MCD,244.82,442.0,buy,NYSE
tx_0000589,2025-06-10 10:18:46,NVDA,196.67,715.0,sell,NASDAQ
tx_0007654,2025-06-10 10:18:48,DIS,184.31,135.0,sell,NYSE
tx_0001217,2025-06-10 10:18:50,V,214.13,646.0,sell,NYSE
tx_0001700,2025-06-10 10:18:51,AMZN,3504.41,256.0,sell,NASDAQ
tx_0009972,2025-06-10 10:18:52,GOOGL,2749.21,141.0,sell,NASDAQ
tx_0004140,2025-06-10 10:19:02,KO,55.85,629.0,sell,NYSE
tx_0004428,2025-06-10 10:19:02,AAPL,145.23,,buy,NASDAQ
tx_0002930,2025-06-10 10:19:02,MA,355.06,529.0,sell,NYSE
tx_0004245,2025-06-10 10:19:05,FB,333.19,902.0,buy,NASDAQ
tx_0005450,2025-06-10 10:19:09,TSLA,700.85,404.0,sell,NASDAQ
tx_0006829,2025-06-10 10:19:10,GOOGL,2761.85,507.0,buy,NASDAQ
tx_0001075,2025-06-10 10:19:12,MCD,245.49,805.0,sell,NYSE
tx_0008640,2025-06-10 10:19:14,MSFT,292.43,177.0,buy,NASDAQ
tx_0000377,2025-06-10 10:19:20,V,214.45,379.0,buy,NYSE
tx_0003122,2025-06-10 10:19:23,GOOGL,2727.99,383.0,sell,NASDAQ
tx_0000986,2025-06-10 10:19:24,BRK.B,273.15,422.0,buy,NYSE
tx_0004200,2025-06-10 10:19:25,V,212.63,691.0,sell,NYSE
tx_0008174,2025-06-10 10:19:26,PYPL,252.61,,buy,NASDAQ
tx_0006217,2025-06-10 10:19:28,FB,328.46,477.0,sell,NASDAQ
tx_0008712,2025-06-10 10:19:28,DIS,183.62,338.0,buy,NYSE
tx_0000833,2025-06-10 10:19:29,WMT,142.22,699.0,buy,NYSE
tx_0001488,2025-06-10 10:19:30,FB,332.59,425.0,sell,NASDAQ
tx_0001816,2025-06-10 10:19:35,WMT,140.63,860.0,sell,NYSE
tx_0003918,2025-06-10 10:19:40,WMT,140.83,604.0,buy,NYSE
tx_0001718,2025-06-10 10:19:41,ADBE,601.09,659.0,sell,NASDAQ
tx_0005517,2025-06-10 10:19:42,JNJ,169.43,617.0,sell,NYSE
tx_0006952,2025-06-10 10:19:43,PYPL,253.82,557.0,buy,NASDAQ
tx_0001125,2025-06-10 10:19:44,WMT,141.88,439.0,buy,NYSE
tx_0004427,2025-06-10 10:19:45,PYPL,256.23,14.0,buy,NASDAQ
tx_0000572,2025-06-10 10:19:47,V,214.12,496.0,buy,NYSE
tx_0007730,2025-06-10 10:19:47,MSFT,293.27,663.0,sell,NASDAQ
tx_0007217,2025-06-10 10:19:48,NFLX,496.86,99.0,buy,NASDAQ
tx_0004281,2025-06-10 10:19:48,AMZN,3523.68,882.0,sell,NASDAQ
tx_0002822,2025-06-10 10:19:51,NVDA,196.32,585.0,buy,NASDAQ
tx_0004048,2025-06-10 10:19:51,AAPL,144.79,968.0,buy,NASDAQ
tx_0008824,2025-06-10 10:19:53,PG,138.78,930.0,buy,NYSE
tx_0001812,2025-06-10 10:19:56,KO,55.52,920.0,buy,NYSE
tx_0004870,2025-06-10 10:19:58,MSFT,297.22,394.0,buy,NASDAQ
tx_0000988,2025-06-10 10:20:14,NVDA,195.64,125.0,sell,NASDAQ
tx_0007159,2025-06-10 10:20:15,V,212.56,199.0,,NYSE
tx_0009718,2025-06-10 10:20:20,V,213.43,131.0,buy,NYSE
tx_0007106,2025-06-10 10:20:21,MA,356.49,997.0,buy,NYSE
tx_0000270,2025-06-10 10:20:23,DIS,184.7,284.0,buy,NYSE
tx_0000401,2025-06-10 10:20:23,DIS,185.79,765.0,sell,NYSE
tx_0006567,2025-06-10 10:20:24,BRK.B,273.56,13.0,buy,NYSE
tx_0005147,2025-06-10 10:20:25,V,214.13,934.0,sell,NYSE
tx_0005389,2025-06-10 10:20:30,MSFT,292.49,447.0,buy,NASDAQ
tx_0007525,2025-06-10 10:20:32,MCD,244.29,625.0,sell,NYSE
tx_0009584,2025-06-10 10:20:33,PYPL,254.74,866.0,buy,NASDAQ
tx_0006062,2025-06-10 10:20:35,BRK.B,272.5,634.0,sell,NYSE
tx_0009113,2025-06-10 10:20:36,WMT,141.72,153.0,buy,NYSE
tx_0007020,2025-06-10 10:20:37,PG,137.88,17.0,sell,NYSE
tx_0009627,2025-06-10 10:20:38,TSLA,688.64,459.0,buy,NASDAQ
tx_0008708,2025-06-10 10:20:39,MA,359.62,38.0,sell,NYSE
tx_0008005,2025-06-10 10:20:39,GOOGL,2719.73,94.0,buy,NASDAQ
tx_0000814,2025-06-10 10:20:44,ADBE,607.18,780.0,buy,NASDAQ
tx_0008755,2025-06-10 10:20:47,MCD,247.09,397.0,sell,NYSE
tx_0001890,2025-06-10 10:20:49,NVDA,195.94,184.0,buy,NASDAQ
tx_0002332,2025-06-10 10:20:54,NVDA,196.44,280.0,sell,NASDAQ
tx_0002879,2025-06-10 10:20:54,DIS,186.09,33.0,sell,NYSE
tx_0008937,2025-06-10 10:20:55,DIS,185.75,516.0,sell,NYSE
tx_0003290,2025-06-10 10:20:56,AAPL,144.46,623.0,sell,NASDAQ
tx_0002483,2025-06-10 10:20:56,NVDA,196.71,280.0,sell,
tx_0000393,2025-06-10 10:20:58,TSLA,690.71,959.0,buy,NASDAQ
tx_0001368,2025-06-10 10:20:58,GOOGL,,722.0,sell,NASDAQ
tx_0009294,2025-06-10 10:21:00,PEP,155.11,800.0,sell,NYSE
tx_0002307,2025-06-10 10:21:00,PG,138.49,140.0,sell,NYSE
tx_0008657,2025-06-10 10:21:06,GOOGL,2724.32,381.0,sell,NASDAQ
tx_0001200,2025-06-10 10:21:07,AAPL,143.94,999.0,sell,NASDAQ
tx_0006572,2025-06-10 10:21:07,TSLA,691.82,878.0,buy,NASDAQ
tx_0008035,2025-06-10 10:21:09,MSFT,,329.0,buy,NASDAQ
tx_0009566,2025-06-10 10:21:16,NFLX,500.85,578.0,sell,NASDAQ
tx_0002909,2025-06-10 10:21:17,JNJ,168.36,48.0,buy,NYSE
tx_0009611,2025-06-10 10:21:18,GOOGL,2757.91,167.0,buy,NASDAQ
tx_0006292,2025-06-10 10:21:18,MCD,244.94,2.0,sell,NYSE
tx_0002849,2025-06-10 10:21:22,NFLX,499.09,987.0,buy,NASDAQ
tx_0002896,2025-06-10 10:21:25,AAPL,143.92,534.0,sell,NASDAQ
tx_0005109,2025-06-10 10:21:27,MCD,245.39,226.0,buy,NYSE
tx_0001760,2025-06-10 10:21:31,AMZN,3529.65,451.0,buy,NASDAQ
tx_0008113,2025-06-10 10:21:34,MSFT,295.06,,buy,NASDAQ
tx_0003897,2025-06-10 10:21:37,FB,327.56,639.0,buy,NASDAQ
tx_0006280,2025-06-10 10:21:39,BRK.B,273.04,374.0,,NYSE
tx_0005207,2025-06-10 10:21:40,MCD,246.13,722.0,sell,NYSE
tx_0003958,2025-06-10 10:21:41,KO,55.98,702.0,buy,NYSE
tx_0002329,2025-06-10 10:21:41,JNJ,168.31,471.0,sell,NYSE
tx_0002029,2025-06-10 10:21:42,PG,138.84,468.0,buy,NYSE
tx_0000335,2025-06-10 10:21:46,KO,56.59,226.0,sell,NYSE
tx_0008869,2025-06-10 10:21:55,MA,357.36,110.0,sell,NYSE
tx_0009296,2025-06-10 10:21:57,DIS,184.94,207.0,sell,NYSE
tx_0004113,2025-06-10 10:21:59,MCD,245.78,345.0,buy,NYSE
tx_0008822,2025-06-10 10:22:07,V,212.94,201.0,buy,NYSE
tx_0009971,2025-06-10 10:22:07,MA,355.66,584.0,buy,NYSE
tx_0009423,2025-06-10 10:22:11,FB,330.02,91.0,sell,NASDAQ
tx_0001015,2025-06-10 10:22:11,AMZN,3503.3,595.0,buy,NASDAQ
tx_0007597,2025-06-10 10:22:12,JNJ,170.48,922.0,buy,NYSE
tx_0000790,2025-06-10 10:22:17,ADBE,598.93,688.0,sell,NASDAQ
tx_0007049,2025-06-10 10:22:18,AAPL,144.88,574.0,sell,NASDAQ
tx_0001022,2025-06-10 10:22:20,GOOGL,2760.27,331.0,sell,NASDAQ
tx_0003982,2025-06-10 10:22:20,NVDA,196.61,371.0,sell,NASDAQ
tx_0008125,2025-06-10 10:22:23,MA,353.62,424.0,sell,NYSE
tx_0008373,2025-06-10 10:22:27,WMT,140.19,356.0,buy,NYSE
tx_0000906,2025-06-10 10:22:29,PYPL,251.91,106.0,sell,NASDAQ
tx_0004732,2025-06-10 10:22:30,NFLX,496.19,14.0,sell,NASDAQ
tx_0005196,2025-06-10 10:22:35,GOOGL,2762.01,427.0,buy,NASDAQ
tx_0008706,2025-06-10 10:22:37,NVDA,195.63,907.0,sell,
tx_0006860,2025-06-10 10:22:40,V,212.79,370.0,buy,NYSE
tx_0005453,2025-06-10 10:22:44,ADBE,607.22,601.0,sell,NASDAQ
tx_0002944,2025-06-10 10:22:45,PEP,155.18,490.0,buy,NYSE
tx_0008316,2025-06-10 10:22:45,MCD,244.95,957.0,buy,NYSE
tx_0001712,2025-06-10 10:22:50,JNJ,166.91,577.0,buy,NYSE
tx_0004809,2025-06-10 10:22:51,KO,55.86,277.0,sell,NYSE
tx_0004042,2025-06-10 10:22:54,MA,352.88,472.0,buy,NYSE
tx_0007864,2025-06-10 10:22:55,TSLA,696.39,947.0,sell,NASDAQ
tx_0004435,2025-06-10 10:22:56,JNJ,169.28,176.0,sell,NYSE
tx_0005766,2025-06-10 10:22:58,GOOGL,2753.85,26.0,buy,NASDAQ
tx_0008973,2025-06-10 10:22:59,JNJ,167.02,561.0,sell,NYSE
tx_0006629,2025-06-10 10:23:03,MA,355.35,525.0,buy,NYSE
tx_0004402,2025-06-10 10:23:04,PEP,153.74,647.0,buy,NYSE
tx_0001693,2025-06-10 10:23:05,V,212.92,714.0,buy,NYSE
tx_0006138,2025-06-10 10:23:07,AAPL,144.19,468.0,buy,NASDAQ
tx_0009424,2025-06-10 10:23:09,AAPL,144.93,475.0,buy,
tx_0009201,2025-06-10 10:23:16,AAPL,143.69,159.0,buy,NASDAQ
tx_0000838,2025-06-10 10:23:25,BRK.B,275.76,849.0,buy,NYSE
tx_0000977,2025-06-10 10:23:27,ADBE,604.99,959.0,sell,NASDAQ
tx_0000490,2025-06-10 10:23:31,JNJ,168.93,972.0,sell,NYSE
tx_0008558,2025-06-10 10:23:33,NFLX,497.68,832.0,buy,NASDAQ
tx_0003575,2025-06-10 10:23:33,ADBE,601.62,,sell,NASDAQ
tx_0006070,2025-06-10 10:23:34,WMT,140.3,457.0,sell,NYSE
tx_0009043,2025-06-10 10:23:34,KO,56.41,661.0,sell,NYSE
tx_0007830,2025-06-10 10:23:38,TSLA,695.86,72.0,sell,NASDAQ
tx_0001763,2025-06-10 10:23:40,KO,56.95,500.0,sell,NYSE
tx_0005695,2025-06-10 10:23:43,NVDA,195.24,974.0,buy,NASDAQ
tx_0007123,2025-06-10 10:23:43,JNJ,167.79,384.0,sell,NYSE
tx_0002633,2025-06-10 10:23:44,FB,334.56,998.0,sell,NASDAQ
tx_0001891,2025-06-10 10:23:45,PEP,153.39,161.0,buy,NYSE
tx_0004214,2025-06-10 10:23:46,AMZN,3517.14,169.0,sell,NASDAQ
tx_0004898,2025-06-10 10:23:46,WMT,139.99,745.0,buy,NYSE
tx_0001645,2025-06-10 10:23:51,DIS,186.79,897.0,sell,NYSE
tx_0009260,2025-06-10 10:23:51,NVDA,193.76,140.0,sell,NASDAQ
tx_0003147,2025-06-10 10:23:52,NFLX,502.51,830.0,buy,NASDAQ
tx_0003162,2025-06-10 10:23:55,FB,334.16,454.0,sell,NASDAQ
tx_0004679,2025-06-10 10:23:57,AAPL,145.25,2.0,buy,NASDAQ
tx_0003770,2025-06-10 10:23:57,PG,139.35,748.0,sell,NYSE
tx_0009215,2025-06-10 10:23:59,BRK.B,272.65,774.0,buy,NYSE
tx_0001682,2025-06-10 10:24:00,WMT,140.67,484.0,buy,NYSE
tx_0007546,2025-06-10 10:24:02,BRK.B,274.45,785.0,sell,NYSE
tx_0006892,2025-06-10 10:24:02,GOOGL,2743.7,758.0,buy,NASDAQ
tx_0003662,2025-06-10 10:24:04,AAPL,143.97,579.0,buy,NASDAQ
tx_0003996,2025-06-10 10:24:05,MCD,244.82,738.0,sell,NYSE
tx_0002162,2025-06-10 10:24:06,NVDA,195.71,412.0,buy,NASDAQ
tx_0000421,2025-06-10 10:24:12,WMT,140.89,349.0,sell,NYSE
tx_0008521,2025-06-10 10:24:16,GOOGL,2726.47,83.0,sell,NASDAQ
tx_0006473,2025-06-10 10:24:20,TSLA,697.69,753.0,sell,
tx_0009129,2025-06-10 10:24:21,MCD,246.51,239.0,buy,NYSE
tx_0002273,2025-06-10 10:24:27,TSLA,692.23,41.0,sell,NASDAQ
tx_0002994,2025-06-10 10:24:29,BRK.B,274.97,423.0,sell,NYSE
tx_0002907,2025-06-10 10:24:31,FB,331.77,62.0,sell,NASDAQ
tx_0006503,2025-06-10 10:24:36,JNJ,169.06,896.0,sell,NYSE
tx_0002459,2025-06-10 10:24:37,TSLA,695.32,152.0,buy,NASDAQ
tx_0006001,2025-06-10 10:24:39,TSLA,700.63,227.0,buy,NASDAQ
tx_0002420,2025-06-10 10:24:53,PYPL,255.1,844.0,sell,NASDAQ
tx_0009270,2025-06-10 10:24:55,NFLX,505.83,688.0,buy,NASDAQ
tx_0005979,2025-06-10 10:24:57,MSFT,292.81,565.0,buy,NASDAQ
tx_0001046,2025-06-10 10:24:58,FB,331.87,91.0,,NASDAQ
tx_0009966,2025-06-10 10:24:58,MA,359.44,954.0,sell,NYSE
tx_0007099,2025-06-10 10:24:58,AMZN,3515.33,657.0,buy,NASDAQ
tx_0002620,2025-06-10 10:25:00,BRK.B,273.84,353.0,buy,NYSE
tx_0006940,2025-06-10 10:25:05,PYPL,259.4,654.0,sell,NASDAQ
tx_0004817,2025-06-10 10:25:08,NFLX,506.07,982.0,buy,NASDAQ
tx_0002826,2025-06-10 10:25:08,FB,332.64,138.0,buy,NASDAQ
tx_0005208,2025-06-10 10:25:09,NFLX,504.03,248.0,buy,NASDAQ
tx_0003242,2025-06-10 10:25:12,MA,354.86,959.0,sell,NYSE
tx_0009895,2025-06-10 10:25:15,WMT,139.54,,buy,NYSE
tx_0008488,2025-06-10 10:25:15,JNJ,169.83,876.0,sell,NYSE
tx_0001034,2025-06-10 10:25:16,WMT,140.24,202.0,sell,NYSE
tx_0006051,2025-06-10 10:25:17,PYPL,255.25,247.0,buy,NASDAQ
tx_0002740,2025-06-10 10:25:17,PEP,154.17,770.0,sell,NYSE
tx_0003537,2025-06-10 10:25:18,JNJ,168.34,787.0,sell,NYSE
tx_0000822,2025-06-10 10:25:18,GOOGL,2745.32,862.0,,NASDAQ
tx_0004960,2025-06-10 10:25:23,V,213.83,563.0,sell,NYSE
tx_0006905,2025-06-10 10:25:23,TSLA,700.39,462.0,buy,NASDAQ
tx_0001888,2025-06-10 10:25:23,AAPL,142.77,778.0,sell,NASDAQ
tx_0001012,2025-06-10 10:25:24,GOOGL,2743.12,58.0,buy,NASDAQ
tx_0006469,2025-06-10 10:25:25,PYPL,257.66,268.0,sell,NASDAQ
tx_0004820,2025-06-10 10:25:25,BRK.B,272.07,951.0,buy,NYSE
tx_0005465,2025-06-10 10:25:26,PEP,153.5,40.0,buy,NYSE
tx_0000427,2025-06-10 10:25:27,PYPL,256.94,562.0,buy,NASDAQ
tx_0009758,2025-06-10 10:25:29,MSFT,297.92,598.0,buy,NASDAQ
tx_0006543,2025-06-10 10:25:30,PEP,155.91,573.0,buy,NYSE
tx_0003140,2025-06-10 10:25:39,DIS,184.18,731.0,sell,NYSE
tx_0006877,2025-06-10 10:25:39,JNJ,167.89,400.0,buy,NYSE
tx_0000612,2025-06-10 10:25:39,TSLA,691.35,193.0,sell,NASDAQ
tx_0008460,2025-06-10 10:25:39,GOOGL,2729.16,82.0,sell,NASDAQ
tx_0002641,2025-06-10 10:25:51,PG,138.29,517.0,sell,NYSE
tx_0002041,2025-06-10 10:25:57,GOOGL,2721.45,658.0,buy,NASDAQ
tx_0005103,2025-06-10 10:25:58,PG,137.5,259.0,sell,NYSE
tx_0002073,2025-06-10 10:26:00,GOOGL,2717.13,143.0,buy,NASDAQ
tx_0003811,2025-06-10 10:26:00,AMZN,3518.29,389.0,sell,NASDAQ
tx_0006850,2025-06-10 10:26:04,AMZN,3489.53,,buy,NASDAQ
tx_0005570,2025-06-10 10:26:04,V,215.06,177.0,sell,NYSE
tx_0005607,2025-06-10 10:26:05,BRK.B,270.54,948.0,sell,NYSE
tx_0008442,2025-06-10 10:26:05,MA,358.19,839.0,sell,NYSE
tx_0009035,2025-06-10 10:26:06,KO,56.41,95.0,buy,NYSE
tx_0007805,2025-06-10 10:26:07,PYPL,254.99,895.0,sell,NASDAQ
tx_0001442,2025-06-10 10:26:07,PG,137.65,905.0,buy,NYSE
tx_0009539,2025-06-10 10:26:09,KO,56.59,206.0,sell,NYSE
tx_0001073,2025-06-10 10:26:12,JNJ,168.62,266.0,buy,NYSE
tx_0008462,2025-06-10 10:26:12,ADBE,603.37,135.0,sell,NASDAQ
tx_0009525,2025-06-10 10:26:14,MCD,244.53,560.0,sell,NYSE
tx_0002424,2025-06-10 10:26:17,AMZN,3539.39,152.0,buy,NASDAQ
tx_0007072,2025-06-10 10:26:18,NVDA,195.36,202.0,buy,NASDAQ
tx_0009206,2025-06-10 10:26:19,ADBE,595.58,279.0,sell,NASDAQ
tx_0009982,2025-06-10 10:26:25,ADBE,600.73,762.0,sell,NASDAQ
tx_0003598,2025-06-10 10:26:26,MCD,242.86,310.0,buy,NYSE
tx_0004206,2025-06-10 10:26:28,AMZN,3482.82,595.0,sell,NASDAQ
tx_0005020,2025-06-10 10:26:31,MSFT,296.71,594.0,sell,NASDAQ
tx_0000728,2025-06-10 10:26:34,MSFT,298.64,494.0,sell,NASDAQ
tx_0002020,2025-06-10 10:26:39,AMZN,3461.93,198.0,buy,NASDAQ
tx_0007329,2025-06-10 10:26:39,AAPL,144.77,710.0,sell,NASDAQ
tx_0009956,2025-06-10 10:26:43,NFLX,498.51,105.0,sell,NASDAQ
tx_0003136,2025-06-10 10:26:46,NVDA,195.09,427.0,sell,NASDAQ
tx_0001946,2025-06-10 10:26:51,KO,57.38,894.0,buy,NYSE
tx_0003979,2025-06-10 10:26:58,KO,56.88,89.0,buy,NYSE
tx_0006186,2025-06-10 10:27:01,GOOGL,2779.23,379.0,sell,NASDAQ
tx_0002408,2025-06-10 10:27:04,MSFT,297.6,863.0,buy,NASDAQ
tx_0009692,2025-06-10 10:27:08,TSLA,689.98,876.0,sell,NASDAQ
tx_0007161,2025-06-10 10:27:13,PEP,154.97,472.0,sell,NYSE
tx_0006110,2025-06-10 10:27:15,ADBE,597.5,722.0,sell,NASDAQ
tx_0003948,2025-06-10 10:27:19,AAPL,143.38,278.0,sell,NASDAQ
tx_0000494,2025-06-10 10:27:21,AMZN,3474.15,523.0,sell,NASDAQ
tx_0008848,2025-06-10 10:27:23,PYPL,258.81,312.0,sell,NASDAQ
tx_0009363,2025-06-10 10:27:25,FB,333.7,518.0,sell,NASDAQ
tx_0006184,2025-06-10 10:27:26,JNJ,169.95,330.0,sell,NYSE
tx_0000434,2025-06-10 10:27:28,PG,137.85,819.0,buy,NYSE
tx_0008437,2025-06-10 10:27:29,TSLA,698.08,545.0,buy,NASDAQ
tx_0000540,2025-06-10 10:27:32,PYPL,258.33,785.0,buy,NASDAQ
tx_0001410,2025-06-10 10:27:34,TSLA,687.32,594.0,sell,NASDAQ
tx_0005744,2025-06-10 10:27:37,TSLA,695.06,204.0,sell,NASDAQ
tx_0008726,2025-06-10 10:27:41,GOOGL,2765.55,909.0,sell,NASDAQ
tx_0001897,2025-06-10 10:27:50,DIS,185.59,153.0,sell,NYSE
tx_0003613,2025-06-10 10:27:51,AMZN,3507.93,749.0,sell,NASDAQ
tx_0007392,2025-06-10 10:27:57,FB,,662.0,sell,NASDAQ
tx_0004718,2025-06-10 10:27:59,DIS,184.07,689.0,buy,NYSE
tx_0003822,2025-06-10 10:27:59,BRK.B,269.48,485.0,sell,NYSE
tx_0001426,2025-06-10 10:27:59,MA,356.13,537.0,sell,NYSE
tx_0000596,2025-06-10 10:28:02,MA,358.48,908.0,sell,NYSE
tx_0001386,2025-06-10 10:28:03,NFLX,502.37,862.0,sell,NASDAQ
tx_0002751,2025-06-10 10:28:06,BRK.B,271.83,181.0,buy,NYSE
tx_0007701,2025-06-10 10:28:07,V,214.78,770.0,sell,NYSE
tx_0009717,2025-06-10 10:28:08,MCD,245.22,194.0,buy,NYSE
tx_0006378,2025-06-10 10:28:15,TSLA,689.8,121.0,sell,NASDAQ
tx_0007053,2025-06-10 10:28:18,WMT,141.77,718.0,sell,NYSE
tx_0000947,2025-06-10 10:28:19,AAPL,143.86,71.0,sell,NASDAQ
tx_0006172,2025-06-10 10:28:21,TSLA,700.9,767.0,sell,NASDAQ
tx_0003286,2025-06-10 10:28:28,GOOGL,2730.78,636.0,buy,NASDAQ
tx_0002665,2025-06-10 10:28:30,MSFT,296.53,434.0,sell,NASDAQ
tx_0004088,2025-06-10 10:28:34,JNJ,171.24,291.0,sell,NYSE
tx_0003645,2025-06-10 10:28:35,NVDA,192.54,103.0,sell,NASDAQ
tx_0004290,2025-06-10 10:28:36,AMZN,3501.38,428.0,sell,NASDAQ
tx_0003227,2025-06-10 10:28:38,MA,356.94,32.0,buy,NYSE
tx_0006321,2025-06-10 10:28:38,MCD,245.45,860.0,buy,NYSE
tx_0006308,2025-06-10 10:28:38,GOOGL,2731.85,800.0,buy,NASDAQ
tx_0005542,2025-06-10 10:28:39,AAPL,142.77,840.0,buy,NASDAQ
tx_0009733,2025-06-10 10:28:40,NVDA,193.26,319.0,sell,NASDAQ
tx_0009002,2025-06-10 10:28:41,KO,56.58,306.0,sell,NYSE
tx_0008754,2025-06-10 10:28:42,MCD,243.76,912.0,sell,NYSE
tx_0001854,2025-06-10 10:28:43,NVDA,194.33,360.0,sell,NASDAQ
tx_0007355,2025-06-10 10:28:45,GOOGL,2741.34,946.0,buy,NASDAQ
tx_0009118,2025-06-10 10:28:48,ADBE,597.49,940.0,buy,NASDAQ
tx_0008248,2025-06-10 10:28:52,PEP,154.76,912.0,buy,NYSE
tx_0004394,2025-06-10 10:28:52,NVDA,191.56,333.0,sell,NASDAQ
tx_0001599,2025-06-10 10:28:53,PYPL,255.76,509.0,sell,NASDAQ
tx_0005178,2025-06-10 10:28:56,FB,335.79,593.0,buy,NASDAQ
tx_0005241,2025-06-10 10:28:57,PYPL,255.7,92.0,sell,NASDAQ
tx_0000351,2025-06-10 10:28:58,DIS,182.44,498.0,buy,NYSE
tx_0002406,2025-06-10 10:28:59,AMZN,3496.21,401.0,sell,NASDAQ
tx_0008388,2025-06-10 10:29:00,ADBE,600.67,509.0,buy,NASDAQ
tx_0000499,2025-06-10 10:29:01,FB,332.0,735.0,buy,NASDAQ
tx_0006112,2025-06-10 10:29:05,PYPL,256.54,258.0,sell,NASDAQ
tx_0008810,2025-06-10 10:29:06,ADBE,605.61,642.0,sell,NASDAQ
tx_0007530,2025-06-10 10:29:07,NFLX,504.12,68.0,sell,NASDAQ
tx_0002077,2025-06-10 10:29:08,MA,359.57,450.0,sell,NYSE
tx_0005936,2025-06-10 10:29:10,PYPL,254.5,918.0,buy,NASDAQ
tx_0000206,2025-06-10 10:29:10,PG,138.97,,buy,NYSE
tx_0003883,2025-06-10 10:29:11,ADBE,599.98,488.0,buy,NASDAQ
tx_0009156,2025-06-10 10:29:14,PYPL,253.82,295.0,buy,NASDAQ
tx_0000916,2025-06-10 10:29:14,JNJ,169.8,851.0,buy,NYSE
tx_0009786,2025-06-10 10:29:14,JNJ,171.34,344.0,sell,NYSE
tx_0007629,2025-06-10 10:29:17,PG,137.93,206.0,sell,NYSE
tx_0001408,2025-06-10 10:29:18,KO,56.04,209.0,sell,NYSE
tx_0001635,2025-06-10 10:29:22,MSFT,299.57,907.0,buy,NASDAQ
tx_0007708,2025-06-10 10:29:37,PYPL,253.8,428.0,buy,NASDAQ
tx_0005291,2025-06-10 10:29:38,DIS,186.23,837.0,sell,NYSE
tx_0002158,2025-06-10 10:29:42,PEP,153.29,95.0,sell,NYSE
tx_0000950,2025-06-10 10:29:42,AAPL,142.84,987.0,buy,NASDAQ
tx_0000912,2025-06-10 10:29:43,TSLA,685.08,813.0,buy,NASDAQ
tx_0005276,2025-06-10 10:29:43,NFLX,500.24,719.0,buy,NASDAQ
tx_0002231,2025-06-10 10:29:47,AMZN,3483.43,694.0,buy,NASDAQ
tx_0002543,2025-06-10 10:29:53,AMZN,3515.25,716.0,buy,NASDAQ
tx_0002959,2025-06-10 10:29:57,PG,137.52,291.0,buy,NYSE
tx_0007532,2025-06-10 10:29:58,DIS,183.24,546.0,sell,
tx_0003984,2025-06-10 10:29:59,GOOGL,2782.95,959.0,sell,NASDAQ
tx_0006745,2025-06-10 10:30:00,WMT,140.26,47.0,buy,NYSE
tx_0000628,2025-06-10 10:30:01,MA,358.41,699.0,sell,NYSE
tx_0002762,2025-06-10 10:30:03,KO,55.95,630.0,buy,NYSE
tx_0006470,2025-06-10 10:30:03,MCD,246.23,263.0,buy,NYSE
tx_0008467,2025-06-10 10:30:07,KO,56.44,256.0,buy,NYSE
tx_0008063,2025-06-10 10:30:10,V,213.41,163.0,sell,NYSE
tx_0005789,2025-06-10 10:30:11,DIS,183.29,568.0,sell,NYSE
tx_0008763,2025-06-10 10:30:20,GOOGL,2744.0,596.0,sell,NASDAQ
tx_0005078,2025-06-10 10:30:21,GOOGL,2769.46,766.0,buy,NASDAQ
tx_0002547,2025-06-10 10:30:23,AMZN,3515.79,340.0,sell,NASDAQ
tx_0000629,2025-06-10 10:30:23,KO,56.81,776.0,buy,NYSE
tx_0009587,2025-06-10 10:30:37,ADBE,602.76,607.0,sell,NASDAQ
tx_0001144,2025-06-10 10:30:40,MA,357.5,220.0,sell,NYSE
tx_0000372,2025-06-10 10:30:41,V,213.9,406.0,sell,NYSE
tx_0001112,2025-06-10 10:30:41,NFLX,499.55,436.0,sell,NASDAQ
tx_0003387,2025-06-10 10:30:41,MSFT,296.56,356.0,sell,NASDAQ
tx_0009989,2025-06-10 10:30:42,MCD,242.21,720.0,buy,NYSE
tx_0008692,2025-06-10 10:30:45,KO,56.44,94.0,buy,NYSE
tx_0004258,2025-06-10 10:30:46,NFLX,497.83,413.0,buy,NASDAQ
tx_0001883,2025-06-10 10:30:49,PG,138.67,760.0,sell,NYSE
tx_0001474,2025-06-10 10:30:55,TSLA,686.54,234.0,buy,NASDAQ
tx_0009853,2025-06-10 10:30:56,NVDA,192.15,837.0,sell,NASDAQ
tx_0008199,2025-06-10 10:30:58,WMT,139.02,725.0,buy,NYSE
tx_0008153,2025-06-10 10:30:59,WMT,139.08,817.0,sell,NYSE
tx_0006846,2025-06-10 10:31:05,FB,333.76,814.0,buy,NASDAQ
tx_0007520,2025-06-10 10:31:07,PEP,152.8,965.0,,NYSE
tx_0009950,2025-06-10 10:31:11,V,215.29,852.0,sell,NYSE
tx_0003363,2025-06-10 10:31:11,PYPL,254.77,728.0,buy,NASDAQ
tx_0005516,2025-06-10 10:31:11,JNJ,170.39,763.0,sell,NYSE
tx_0006666,2025-06-10 10:31:13,MSFT,296.9,47.0,buy,NASDAQ
tx_0008095,2025-06-10 10:31:14,FB,329.74,49.0,buy,NASDAQ
tx_0008846,2025-06-10 10:31:15,KO,56.54,223.0,buy,NYSE
tx_0001861,2025-06-10 10:31:32,AAPL,143.64,958.0,buy,NASDAQ
tx_0002435,2025-06-10 10:31:33,TSLA,695.67,398.0,buy,NASDAQ
tx_0006176,2025-06-10 10:31:40,DIS,184.21,286.0,buy,NYSE
tx_0000240,2025-06-10 10:31:41,KO,56.42,716.0,sell,NYSE
tx_0005545,2025-06-10 10:31:43,AMZN,3505.84,712.0,buy,NASDAQ
tx_0000670,2025-06-10 10:31:45,MA,355.65,612.0,sell,NYSE
tx_0002858,2025-06-10 10:31:57,ADBE,606.42,525.0,sell,NASDAQ
tx_0001300,2025-06-10 10:32:01,KO,56.73,102.0,sell,NYSE
tx_0007702,2025-06-10 10:32:08,WMT,,468.0,sell,NYSE
tx_0003437,2025-06-10 10:32:09,NVDA,193.18,771.0,buy,NASDAQ
tx_0003346,2025-06-10 10:32:10,MCD,245.52,787.0,,NYSE
tx_0000644,2025-06-10 10:32:11,AAPL,143.54,81.0,sell,NASDAQ
tx_0002668,2025-06-10 10:32:13,MSFT,298.14,346.0,buy,NASDAQ
tx_0009367,2025-06-10 10:32:14,MCD,243.65,997.0,sell,NYSE
tx_0004426,2025-06-10 10:32:20,PYPL,257.47,942.0,sell,NASDAQ
tx_0008676,2025-06-10 10:32:25,PEP,152.75,817.0,sell,NYSE
tx_0008594,2025-06-10 10:32:30,ADBE,600.6,523.0,buy,NASDAQ
tx_0004131,2025-06-10 10:32:33,V,215.13,783.0,buy,NYSE
tx_0008806,2025-06-10 10:32:33,PEP,153.22,428.0,sell,NYSE
tx_0003603,2025-06-10 10:32:40,FB,332.58,644.0,buy,NASDAQ
tx_0001649,2025-06-10 10:32:41,PYPL,255.77,216.0,buy,NASDAQ
tx_0007281,2025-06-10 10:32:48,MCD,244.56,680.0,buy,NYSE
tx_0002664,2025-06-10 10:32:52,MCD,245.82,327.0,buy,NYSE
tx_0005732,2025-06-10 10:32:54,MSFT,298.35,352.0,sell,NASDAQ
tx_0009414,2025-06-10 10:32:55,AMZN,3487.6,208.0,sell,NASDAQ
tx_0007539,2025-06-10 10:32:55,KO,55.68,144.0,sell,NYSE
tx_0007009,2025-06-10 10:32:55,AMZN,3523.52,912.0,buy,NASDAQ
tx_0006681,2025-06-10 10:33:06,WMT,140.29,232.0,buy,NYSE
tx_0004794,2025-06-10 10:33:09,NVDA,191.21,890.0,sell,NASDAQ
tx_0005660,2025-06-10 10:33:11,NVDA,192.84,633.0,buy,NASDAQ
tx_0004657,2025-06-10 10:33:11,MSFT,296.47,104.0,sell,NASDAQ
tx_0008900,2025-06-10 10:33:12,TSLA,689.52,6.0,buy,NASDAQ
tx_0008983,2025-06-10 10:33:14,KO,56.03,,buy,NYSE
tx_0009131,2025-06-10 10:33:14,AAPL,143.29,280.0,sell,NASDAQ
tx_0000304,2025-06-10 10:33:18,MCD,245.4,950.0,sell,NYSE
tx_0008867,2025-06-10 10:33:18,NFLX,500.65,287.0,sell,NASDAQ
tx_0004838,2025-06-10 10:33:21,MA,354.69,12.0,sell,NYSE
tx_0000344,2025-06-10 10:33:23,FB,335.81,302.0,sell,NASDAQ
tx_0005354,2025-06-10 10:33:23,NVDA,192.06,96.0,sell,NASDAQ
tx_0006196,2025-06-10 10:33:26,TSLA,685.7,949.0,buy,NASDAQ
tx_0008212,2025-06-10 10:33:27,KO,56.32,534.0,sell,NYSE
tx_0003663,2025-06-10 10:33:33,PG,136.74,8.0,sell,NYSE
tx_0004612,2025-06-10 10:33:33,WMT,139.3,630.0,sell,NYSE
tx_0001975,2025-06-10 10:33:44,JNJ,167.97,921.0,sell,NYSE
tx_0008963,2025-06-10 10:33:48,DIS,186.19,637.0,sell,NYSE
tx_0001111,2025-06-10 10:33:49,GOOGL,2733.11,879.0,buy,NASDAQ
tx_0009777,2025-06-10 10:33:59,MSFT,297.17,385.0,sell,NASDAQ
tx_0004437,2025-06-10 10:34:02,TSLA,690.73,,buy,NASDAQ
tx_0006333,2025-06-10 10:34:03,FB,336.8,808.0,buy,NASDAQ
tx_0001461,2025-06-10 10:34:04,AAPL,142.82,368.0,buy,NASDAQ
tx_0001973,2025-06-10 10:34:09,PG,137.14,984.0,buy,NYSE
tx_0007566,2025-06-10 10:34:10,NFLX,495.76,379.0,sell,NASDAQ
tx_0007952,2025-06-10 10:34:12,BRK.B,269.07,923.0,buy,NYSE
tx_0009292,2025-06-10 10:34:13,MCD,244.76,874.0,buy,NYSE
tx_0008738,2025-06-10 10:34:13,TSLA,694.19,368.0,sell,NASDAQ
tx_0000086,2025-06-10 10:34:15,WMT,139.25,100.0,sell,NYSE
tx_0007466,2025-06-10 10:34:20,BRK.B,267.51,64.0,sell,NYSE
tx_0007969,2025-06-10 10:34:23,V,216.22,178.0,buy,NYSE
tx_0006264,2025-06-10 10:34:28,NFLX,502.51,648.0,sell,NASDAQ
tx_0002396,2025-06-10 10:34:28,AMZN,3529.4,585.0,buy,NASDAQ
tx_0006926,2025-06-10 10:34:35,KO,56.01,520.0,buy,NYSE
tx_0001948,2025-06-10 10:34:35,TSLA,688.76,358.0,sell,NASDAQ
tx_0007950,2025-06-10 10:34:38,WMT,137.68,247.0,buy,NYSE
tx_0001644,2025-06-10 10:34:41,MSFT,301.36,701.0,sell,NASDAQ
tx_0000274,2025-06-10 10:34:41,MCD,244.15,762.0,sell,NYSE
tx_0000866,2025-06-10 10:34:42,WMT,139.53,147.0,sell,NYSE
tx_0005611,2025-06-10 10:34:50,AMZN,3534.63,922.0,,NASDAQ
tx_0003356,2025-06-10 10:34:51,JNJ,166.74,727.0,sell,NYSE
tx_0006088,2025-06-10 10:34:52,NFLX,503.03,818.0,,NASDAQ
tx_0005705,2025-06-10 10:34:59,FB,333.13,932.0,sell,NASDAQ
tx_0007400,2025-06-10 10:35:01,MSFT,299.56,951.0,buy,NASDAQ
tx_0009499,2025-06-10 10:35:01,ADBE,605.84,784.0,buy,NASDAQ
tx_0005834,2025-06-10 10:35:01,JNJ,168.06,392.0,sell,NYSE
tx_0003324,2025-06-10 10:35:02,BRK.B,271.11,550.0,sell,NYSE
tx_0002951,2025-06-10 10:35:05,PYPL,257.45,2.0,buy,NASDAQ
tx_0008243,2025-06-10 10:35:06,BRK.B,270.65,364.0,buy,NYSE
tx_0000412,2025-06-10 10:35:07,ADBE,604.25,714.0,buy,NASDAQ
tx_0009279,2025-06-10 10:35:09,AMZN,3471.37,828.0,buy,NASDAQ
tx_0006889,2025-06-10 10:35:12,TSLA,692.08,511.0,sell,NASDAQ
tx_0007721,2025-06-10 10:35:14,AAPL,143.39,811.0,buy,NASDAQ
tx_0006856,2025-06-10 10:35:25,MA,354.23,516.0,sell,NYSE
tx_0006677,2025-06-10 10:35:26,NFLX,503.13,409.0,buy,NASDAQ
tx_0008583,2025-06-10 10:35:28,MCD,245.29,650.0,buy,NYSE
tx_0004647,2025-06-10 10:35:28,DIS,186.8,950.0,buy,NYSE
tx_0004080,2025-06-10 10:35:31,PEP,152.77,573.0,sell,NYSE
tx_0003529,2025-06-10 10:35:32,V,212.99,312.0,buy,NYSE
tx_0003944,2025-06-10 10:35:33,KO,56.82,411.0,sell,NYSE
tx_0003786,2025-06-10 10:35:35,MA,358.21,748.0,sell,NYSE
tx_0000386,2025-06-10 10:35:35,ADBE,604.44,995.0,sell,NASDAQ
tx_0001387,2025-06-10 10:35:36,PYPL,260.66,350.0,sell,NASDAQ
tx_0001427,2025-06-10 10:35:37,MSFT,301.99,984.0,sell,NASDAQ
tx_0008730,2025-06-10 10:35:38,AMZN,3458.27,991.0,buy,NASDAQ
tx_0009451,2025-06-10 10:35:38,WMT,137.68,841.0,sell,NYSE
tx_0001449,2025-06-10 10:35:47,GOOGL,2735.43,516.0,buy,NASDAQ
tx_0001548,2025-06-10 10:35:47,NFLX,506.96,842.0,sell,NASDAQ
tx_0006118,2025-06-10 10:35:48,KO,56.17,741.0,buy,NYSE
tx_0005622,2025-06-10 10:35:50,PG,136.13,897.0,sell,NYSE
tx_0006900,2025-06-10 10:35:50,WMT,139.34,703.0,sell,NYSE
tx_0006009,2025-06-10 10:35:51,V,212.83,830.0,sell,NYSE
tx_0006240,2025-06-10 10:35:53,PYPL,258.0,273.0,sell,NASDAQ
tx_0000690,2025-06-10 10:35:53,V,215.76,240.0,buy,NYSE
tx_0004159,2025-06-10 10:35:58,AMZN,3504.53,499.0,buy,NASDAQ
tx_0003521,2025-06-10 10:36:08,WMT,137.5,112.0,sell,NYSE
tx_0000359,2025-06-10 10:36:09,PG,138.09,45.0,buy,NYSE
tx_0005692,2025-06-10 10:36:10,MCD,244.44,364.0,sell,NYSE
tx_0001647,2025-06-10 10:36:17,NFLX,507.31,485.0,buy,NASDAQ
tx_0007103,2025-06-10 10:36:19,AMZN,3497.99,460.0,buy,NASDAQ
tx_0000897,2025-06-10 10:36:22,NVDA,192.74,307.0,sell,NASDAQ
tx_0004387,2025-06-10 10:36:26,DIS,187.94,177.0,buy,NYSE
