transaction_id,timestamp,stock_symbol,price,quantity,order_type,exchange
tx_0009462,2025-06-17 09:30:01,NFLX,498.6,934.0,sell,NASDAQ
tx_0002051,2025-06-17 09:30:03,PEP,149.94,585.0,sell,NYSE
tx_0004315,2025-06-17 09:30:05,AAPL,149.59,954.0,sell,NASDAQ
tx_0003048,2025-06-17 09:30:08,KO,54.62,357.0,buy,NYSE
tx_0009638,2025-06-17 09:30:09,FB,332.15,809.0,sell,NASDAQ
tx_0001080,2025-06-17 09:30:10,PEP,150.36,653.0,buy,NYSE
tx_0006984,2025-06-17 09:30:12,GOOGL,2808.95,120.0,buy,NASDAQ
tx_0009800,2025-06-17 09:30:12,TSLA,697.02,658.0,buy,NASDAQ
tx_0009153,2025-06-17 09:30:18,GOOGL,2775.23,74.0,buy,NASDAQ
tx_0006716,2025-06-17 09:30:18,TSLA,705.77,118.0,sell,NASDAQ
tx_0003093,2025-06-17 09:30:20,DIS,179.79,423.0,buy,NYSE
tx_0009354,2025-06-17 09:30:22,TSLA,700.58,422.0,buy,NASDAQ
tx_0007092,2025-06-17 09:30:23,MA,348.43,695.0,buy,NYSE
tx_0004276,2025-06-17 09:30:25,NVDA,201.48,805.0,sell,NASDAQ
tx_0003757,2025-06-17 09:30:28,NVDA,199.66,549.0,sell,NASDAQ
tx_0000147,2025-06-17 09:30:28,NFLX,498.4,30.0,buy,NASDAQ
tx_0008023,2025-06-17 09:30:31,TSLA,701.91,9.0,buy,NASDAQ
tx_0001495,2025-06-17 09:30:31,DIS,182.11,703.0,buy,NYSE
tx_0007818,2025-06-17 09:30:33,NVDA,199.28,,buy,NASDAQ
tx_0004308,2025-06-17 09:30:37,BRK.B,280.19,663.0,sell,
tx_0001565,2025-06-17 09:30:38,V,219.02,519.0,sell,NYSE
tx_0004287,2025-06-17 09:30:45,ADBE,599.55,314.0,sell,NASDAQ
tx_0004610,2025-06-17 09:30:46,NVDA,201.12,167.0,sell,NASDAQ
tx_0005678,2025-06-17 09:30:47,DIS,178.94,380.0,sell,NYSE
tx_0002620,2025-06-17 09:30:48,FB,330.34,377.0,buy,NASDAQ
tx_0001714,2025-06-17 09:30:49,MSFT,298.82,324.0,sell,NASDAQ
tx_0006640,2025-06-17 09:30:49,JNJ,168.48,328.0,sell,NYSE
tx_0001696,2025-06-17 09:30:51,BRK.B,282.46,409.0,sell,NYSE
tx_0006196,2025-06-17 09:30:53,WMT,139.02,631.0,buy,NYSE
tx_0006870,2025-06-17 09:30:59,PYPL,251.45,19.0,sell,NASDAQ
tx_0003650,2025-06-17 09:31:01,KO,54.63,79.0,buy,NYSE
tx_0008836,2025-06-17 09:31:02,NFLX,497.13,842.0,buy,NASDAQ
tx_0007307,2025-06-17 09:31:07,GOOGL,2781.76,509.0,sell,NASDAQ
tx_0005066,2025-06-17 09:31:07,TSLA,698.67,562.0,buy,NASDAQ
tx_0001547,2025-06-17 09:31:12,JNJ,171.31,426.0,sell,NYSE
tx_0004065,2025-06-17 09:31:14,KO,54.97,440.0,buy,NYSE
tx_0007111,2025-06-17 09:31:24,KO,54.57,,sell,NYSE
tx_0003097,2025-06-17 09:31:26,PEP,150.88,54.0,buy,NYSE
tx_0003684,2025-06-17 09:31:26,V,219.13,792.0,sell,NYSE
tx_0003647,2025-06-17 09:31:27,AAPL,149.38,655.0,buy,NASDAQ
tx_0001302,2025-06-17 09:31:29,MSFT,299.83,702.0,buy,NASDAQ
tx_0009168,2025-06-17 09:31:30,BRK.B,278.71,494.0,buy,NYSE
tx_0001915,2025-06-17 09:31:34,BRK.B,,626.0,sell,NYSE
tx_0001963,2025-06-17 09:31:34,KO,54.65,892.0,sell,NYSE
tx_0004179,2025-06-17 09:31:41,JNJ,170.63,915.0,buy,NYSE
tx_0006091,2025-06-17 09:31:41,WMT,139.54,313.0,sell,NYSE
tx_0007365,2025-06-17 09:31:43,PG,139.64,372.0,buy,NYSE
tx_0009551,2025-06-17 09:31:45,KO,55.42,465.0,sell,NYSE
tx_0002429,2025-06-17 09:31:50,DIS,180.99,881.0,buy,NYSE
tx_0005331,2025-06-17 09:31:52,GOOGL,2777.7,911.0,sell,
tx_0000896,2025-06-17 09:31:53,NVDA,200.45,837.0,sell,NASDAQ
tx_0004434,2025-06-17 09:31:53,JNJ,170.04,503.0,buy,NYSE
tx_0002814,2025-06-17 09:31:55,GOOGL,2807.98,747.0,sell,NASDAQ
tx_0001142,2025-06-17 09:31:57,GOOGL,2780.86,948.0,sell,NASDAQ
tx_0003468,2025-06-17 09:31:58,BRK.B,281.97,251.0,sell,NYSE
tx_0000954,2025-06-17 09:32:01,NFLX,495.07,468.0,sell,NASDAQ
tx_0007345,2025-06-17 09:32:04,PYPL,251.73,337.0,sell,NASDAQ
tx_0009446,2025-06-17 09:32:05,FB,329.93,281.0,sell,NASDAQ
tx_0008278,2025-06-17 09:32:07,WMT,138.14,72.0,buy,NYSE
tx_0003222,2025-06-17 09:32:11,BRK.B,282.43,,sell,NYSE
tx_0000637,2025-06-17 09:32:12,PG,140.24,665.0,buy,NYSE
tx_0007035,2025-06-17 09:32:13,V,221.86,379.0,sell,NYSE
tx_0002567,2025-06-17 09:32:17,PYPL,249.68,814.0,sell,NASDAQ
tx_0002165,2025-06-17 09:32:17,PEP,149.85,143.0,buy,NYSE
tx_0000393,2025-06-17 09:32:18,AMZN,3508.99,260.0,sell,NASDAQ
tx_0003629,2025-06-17 09:32:18,MSFT,300.49,928.0,buy,NASDAQ
tx_0003809,2025-06-17 09:32:20,ADBE,600.47,91.0,sell,NASDAQ
tx_0002352,2025-06-17 09:32:23,V,221.06,397.0,buy,NYSE
tx_0005153,2025-06-17 09:32:27,AMZN,3461.04,757.0,sell,NASDAQ
tx_0007532,2025-06-17 09:32:28,PEP,151.01,220.0,buy,NYSE
tx_0009442,2025-06-17 09:32:30,NFLX,497.37,734.0,sell,NASDAQ
tx_0002683,2025-06-17 09:32:37,FB,329.01,64.0,sell,NASDAQ
tx_0009664,2025-06-17 09:32:37,NFLX,499.45,94.0,buy,NASDAQ
tx_0002316,2025-06-17 09:32:41,MSFT,295.6,357.0,buy,NASDAQ
tx_0008000,2025-06-17 09:32:42,MA,347.16,689.0,sell,NYSE
tx_0002760,2025-06-17 09:32:55,MA,,643.0,buy,NYSE
tx_0001640,2025-06-17 09:32:55,MCD,251.37,493.0,buy,NYSE
tx_0005706,2025-06-17 09:32:59,GOOGL,2785.34,748.0,buy,NASDAQ
tx_0000708,2025-06-17 09:33:09,MA,350.35,80.0,sell,NYSE
tx_0007960,2025-06-17 09:33:11,PYPL,249.97,798.0,buy,NASDAQ
tx_0009682,2025-06-17 09:33:14,TSLA,696.33,327.0,buy,NASDAQ
tx_0003709,2025-06-17 09:33:17,TSLA,707.28,368.0,buy,NASDAQ
tx_0005439,2025-06-17 09:33:20,PEP,150.29,301.0,buy,NYSE
tx_0001054,2025-06-17 09:33:21,TSLA,708.74,572.0,sell,NASDAQ
tx_0000647,2025-06-17 09:33:22,PG,141.74,13.0,sell,NYSE
tx_0002468,2025-06-17 09:33:28,AAPL,151.6,275.0,buy,NASDAQ
tx_0006848,2025-06-17 09:33:28,DIS,179.41,625.0,buy,NYSE
tx_0008301,2025-06-17 09:33:28,WMT,138.71,494.0,sell,NYSE
tx_0006471,2025-06-17 09:33:30,TSLA,698.02,92.0,sell,NASDAQ
tx_0006945,2025-06-17 09:33:31,JNJ,171.6,887.0,sell,NYSE
tx_0007149,2025-06-17 09:33:33,ADBE,599.58,578.0,sell,NASDAQ
tx_0007302,2025-06-17 09:33:33,PG,140.14,311.0,sell,NYSE
tx_0001163,2025-06-17 09:33:35,GOOGL,2824.71,425.0,sell,NASDAQ
tx_0005751,2025-06-17 09:33:42,V,221.6,996.0,buy,NYSE
tx_0008333,2025-06-17 09:33:42,DIS,179.74,119.0,buy,NYSE
tx_0009204,2025-06-17 09:33:42,TSLA,697.52,780.0,buy,NASDAQ
tx_0000335,2025-06-17 09:33:43,JNJ,169.3,175.0,buy,NYSE
tx_0009845,2025-06-17 09:33:43,GOOGL,2802.12,814.0,buy,NASDAQ
tx_0009488,2025-06-17 09:33:49,KO,55.0,397.0,buy,NYSE
tx_0000160,2025-06-17 09:33:49,KO,55.32,325.0,buy,NYSE
tx_0007913,2025-06-17 09:33:50,PEP,152.06,252.0,sell,NYSE
tx_0002136,2025-06-17 09:33:57,ADBE,595.71,249.0,sell,NASDAQ
tx_0005054,2025-06-17 09:34:01,BRK.B,278.21,126.0,sell,NYSE
tx_0001543,2025-06-17 09:34:01,GOOGL,2809.33,705.0,buy,NASDAQ
tx_0003701,2025-06-17 09:34:05,NVDA,199.02,231.0,sell,NASDAQ
tx_0006031,2025-06-17 09:34:05,MSFT,299.57,155.0,buy,NASDAQ
tx_0008303,2025-06-17 09:34:06,FB,327.93,383.0,sell,NASDAQ
tx_0007313,2025-06-17 09:34:07,JNJ,172.02,118.0,buy,NYSE
tx_0006906,2025-06-17 09:34:07,WMT,141.5,996.0,buy,NYSE
tx_0001290,2025-06-17 09:34:08,TSLA,,514.0,buy,NASDAQ
tx_0000512,2025-06-17 09:34:15,WMT,139.18,651.0,buy,NYSE
tx_0009346,2025-06-17 09:34:15,V,218.98,526.0,sell,NYSE
tx_0004236,2025-06-17 09:34:18,NFLX,497.35,518.0,buy,NASDAQ
tx_0009722,2025-06-17 09:34:21,WMT,141.73,44.0,sell,NYSE
tx_0000124,2025-06-17 09:34:22,V,219.23,874.0,sell,NYSE
tx_0008383,2025-06-17 09:34:23,GOOGL,2789.24,746.0,sell,NASDAQ
tx_0006489,2025-06-17 09:34:24,PG,140.61,946.0,sell,NYSE
tx_0001874,2025-06-17 09:34:24,KO,55.91,725.0,buy,NYSE
tx_0009872,2025-06-17 09:34:30,WMT,140.93,666.0,sell,NYSE
tx_0003147,2025-06-17 09:34:31,KO,55.74,658.0,sell,NYSE
tx_0004478,2025-06-17 09:34:34,WMT,141.42,520.0,buy,NYSE
tx_0001471,2025-06-17 09:34:35,TSLA,708.22,160.0,buy,NASDAQ
tx_0002777,2025-06-17 09:34:36,NVDA,198.24,222.0,buy,NASDAQ
tx_0003523,2025-06-17 09:34:37,PYPL,254.37,694.0,buy,NASDAQ
tx_0008178,2025-06-17 09:34:40,WMT,142.28,676.0,sell,NYSE
tx_0004175,2025-06-17 09:34:44,NFLX,499.15,396.0,sell,NASDAQ
tx_0000051,2025-06-17 09:34:50,NVDA,195.81,29.0,buy,NASDAQ
tx_0006168,2025-06-17 09:34:53,PG,140.88,353.0,buy,NYSE
tx_0002330,2025-06-17 09:34:56,DIS,180.84,603.0,buy,NYSE
tx_0008110,2025-06-17 09:35:05,MSFT,296.71,926.0,sell,NASDAQ
tx_0001748,2025-06-17 09:35:07,TSLA,700.5,92.0,sell,NASDAQ
tx_0000391,2025-06-17 09:35:07,WMT,142.17,752.0,buy,NYSE
tx_0009057,2025-06-17 09:35:10,AMZN,3483.72,238.0,buy,NASDAQ
tx_0003385,2025-06-17 09:35:11,TSLA,697.4,166.0,buy,NASDAQ
tx_0002298,2025-06-17 09:35:18,PG,142.99,66.0,sell,NYSE
tx_0007826,2025-06-17 09:35:20,KO,55.23,25.0,sell,NYSE
tx_0002260,2025-06-17 09:35:21,V,216.76,90.0,buy,NYSE
tx_0000990,2025-06-17 09:35:22,PG,141.4,236.0,buy,NYSE
tx_0000490,2025-06-17 09:35:22,PEP,150.06,532.0,sell,NYSE
tx_0006216,2025-06-17 09:35:33,MCD,250.32,704.0,buy,NYSE
tx_0003261,2025-06-17 09:35:34,NFLX,504.81,115.0,buy,NASDAQ
tx_0000013,2025-06-17 09:35:35,PG,143.0,12.0,buy,NYSE
tx_0000122,2025-06-17 09:35:37,MA,350.3,151.0,buy,NYSE
tx_0005271,2025-06-17 09:35:37,BRK.B,280.95,208.0,sell,NYSE
tx_0007876,2025-06-17 09:35:38,PYPL,251.79,881.0,buy,NASDAQ
tx_0006968,2025-06-17 09:35:39,PYPL,249.66,568.0,buy,NASDAQ
tx_0007854,2025-06-17 09:35:42,V,218.98,217.0,sell,NYSE
tx_0009871,2025-06-17 09:35:44,ADBE,598.16,660.0,sell,NASDAQ
tx_0005544,2025-06-17 09:35:47,PYPL,253.21,827.0,buy,NASDAQ
tx_0009084,2025-06-17 09:35:49,MCD,250.4,378.0,sell,NYSE
tx_0007063,2025-06-17 09:35:50,GOOGL,2838.87,637.0,sell,NASDAQ
tx_0000765,2025-06-17 09:35:51,NVDA,199.0,376.0,sell,NASDAQ
tx_0006877,2025-06-17 09:35:52,GOOGL,2802.19,255.0,buy,NASDAQ
tx_0003987,2025-06-17 09:35:53,GOOGL,2835.88,97.0,sell,NASDAQ
tx_0000814,2025-06-17 09:35:53,NFLX,498.72,794.0,buy,NASDAQ
tx_0000128,2025-06-17 09:35:54,KO,55.88,921.0,sell,NYSE
tx_0004183,2025-06-17 09:35:55,MCD,251.93,624.0,sell,NYSE
tx_0008325,2025-06-17 09:36:08,KO,55.23,264.0,sell,NYSE
tx_0006762,2025-06-17 09:36:10,DIS,180.84,490.0,sell,NYSE
tx_0009935,2025-06-17 09:36:10,AMZN,3499.36,883.0,sell,NASDAQ
tx_0004806,2025-06-17 09:36:20,NVDA,199.53,548.0,sell,NASDAQ
tx_0009579,2025-06-17 09:36:21,PG,142.42,202.0,sell,NYSE
tx_0007266,2025-06-17 09:36:23,MSFT,298.43,753.0,sell,NASDAQ
tx_0000033,2025-06-17 09:36:23,GOOGL,2810.36,640.0,buy,NASDAQ
tx_0006392,2025-06-17 09:36:28,TSLA,698.95,700.0,buy,NASDAQ
tx_0001257,2025-06-17 09:36:28,PYPL,250.9,124.0,sell,NASDAQ
tx_0007908,2025-06-17 09:36:32,KO,56.37,548.0,sell,NYSE
tx_0001633,2025-06-17 09:36:33,WMT,141.63,952.0,sell,NYSE
tx_0001722,2025-06-17 09:36:42,MCD,250.71,147.0,buy,NYSE
tx_0009876,2025-06-17 09:36:44,KO,56.46,355.0,sell,NYSE
tx_0009428,2025-06-17 09:36:49,NVDA,197.8,369.0,buy,NASDAQ
tx_0001333,2025-06-17 09:36:54,V,215.92,144.0,buy,NYSE
tx_0004364,2025-06-17 09:37:03,TSLA,702.46,213.0,buy,NASDAQ
tx_0002838,2025-06-17 09:37:17,FB,326.56,695.0,buy,NASDAQ
tx_0008362,2025-06-17 09:37:22,MSFT,299.5,614.0,buy,NASDAQ
tx_0002186,2025-06-17 09:37:23,NVDA,198.1,88.0,sell,NASDAQ
tx_0001840,2025-06-17 09:37:25,DIS,178.98,712.0,buy,NYSE
tx_0009631,2025-06-17 09:37:35,TSLA,697.07,67.0,buy,NASDAQ
tx_0002250,2025-06-17 09:37:38,PYPL,251.2,211.0,sell,NASDAQ
tx_0001967,2025-06-17 09:37:40,KO,56.43,190.0,buy,NYSE
tx_0006415,2025-06-17 09:37:40,GOOGL,2827.71,712.0,sell,NASDAQ
tx_0007709,2025-06-17 09:37:50,V,219.69,50.0,buy,NYSE
tx_0009639,2025-06-17 09:37:51,PEP,152.65,780.0,sell,NYSE
tx_0002340,2025-06-17 09:38:00,BRK.B,281.32,633.0,buy,NYSE
tx_0002894,2025-06-17 09:38:04,DIS,181.17,40.0,sell,NYSE
tx_0001740,2025-06-17 09:38:04,NFLX,496.01,438.0,sell,NASDAQ
tx_0005719,2025-06-17 09:38:05,KO,56.05,698.0,buy,NYSE
tx_0008621,2025-06-17 09:38:05,AMZN,3504.62,126.0,sell,NASDAQ
tx_0004518,2025-06-17 09:38:11,ADBE,597.41,17.0,buy,NASDAQ
tx_0004895,2025-06-17 09:38:13,TSLA,699.93,368.0,sell,NASDAQ
tx_0003516,2025-06-17 09:38:13,PEP,150.36,322.0,sell,NYSE
tx_0007488,2025-06-17 09:38:15,AAPL,152.73,452.0,buy,NASDAQ
tx_0009238,2025-06-17 09:38:18,PEP,150.21,578.0,sell,NYSE
tx_0008797,2025-06-17 09:38:19,JNJ,169.58,346.0,sell,NYSE
tx_0001683,2025-06-17 09:38:19,KO,56.05,124.0,buy,NYSE
tx_0005961,2025-06-17 09:38:25,WMT,138.55,375.0,buy,NYSE
tx_0004426,2025-06-17 09:38:25,JNJ,171.63,590.0,sell,NYSE
tx_0008600,2025-06-17 09:38:32,MA,352.0,71.0,buy,NYSE
tx_0003304,2025-06-17 09:38:41,ADBE,603.41,332.0,buy,NASDAQ
tx_0001917,2025-06-17 09:38:43,FB,330.13,895.0,buy,NASDAQ
tx_0008791,2025-06-17 09:38:46,PYPL,253.11,503.0,buy,NASDAQ
tx_0003410,2025-06-17 09:38:49,MSFT,296.57,856.0,sell,NASDAQ
tx_0001887,2025-06-17 09:38:49,FB,327.45,421.0,sell,NASDAQ
tx_0007847,2025-06-17 09:38:53,FB,328.73,910.0,sell,NASDAQ
tx_0000815,2025-06-17 09:38:54,TSLA,695.48,477.0,sell,NASDAQ
tx_0007382,2025-06-17 09:38:56,AAPL,149.49,759.0,buy,NASDAQ
tx_0000984,2025-06-17 09:38:59,NVDA,197.41,392.0,sell,NASDAQ
tx_0006000,2025-06-17 09:38:59,AMZN,3502.99,575.0,buy,NASDAQ
tx_0009405,2025-06-17 09:38:59,WMT,139.29,392.0,sell,NYSE
tx_0002684,2025-06-17 09:39:03,WMT,139.36,339.0,buy,NYSE
tx_0003514,2025-06-17 09:39:03,V,217.8,115.0,buy,NYSE
tx_0001067,2025-06-17 09:39:04,MSFT,297.16,52.0,sell,
tx_0000004,2025-06-17 09:39:05,AMZN,3472.47,422.0,buy,NASDAQ
tx_0009905,2025-06-17 09:39:07,PEP,152.1,512.0,buy,NYSE
tx_0005897,2025-06-17 09:39:08,MA,351.2,224.0,buy,NYSE
tx_0005128,2025-06-17 09:39:08,NVDA,199.31,17.0,buy,NASDAQ
tx_0002724,2025-06-17 09:39:09,GOOGL,2838.51,715.0,sell,NASDAQ
tx_0004323,2025-06-17 09:39:10,V,219.49,302.0,buy,NYSE
tx_0007581,2025-06-17 09:39:11,MA,346.82,242.0,buy,NYSE
tx_0006432,2025-06-17 09:39:13,ADBE,604.31,511.0,buy,NASDAQ
tx_0004240,2025-06-17 09:39:14,AMZN,3514.13,135.0,sell,NASDAQ
tx_0006582,2025-06-17 09:39:21,TSLA,699.77,25.0,buy,NASDAQ
tx_0007547,2025-06-17 09:39:30,ADBE,595.71,210.0,sell,
tx_0008395,2025-06-17 09:39:32,MA,350.65,397.0,buy,NYSE
tx_0006510,2025-06-17 09:39:36,V,219.85,703.0,sell,NYSE
tx_0006280,2025-06-17 09:39:42,MA,351.11,808.0,buy,NYSE
tx_0006041,2025-06-17 09:39:42,NFLX,493.35,174.0,buy,NASDAQ
tx_0002005,2025-06-17 09:39:46,BRK.B,277.41,676.0,sell,NYSE
tx_0008750,2025-06-17 09:39:51,NFLX,493.09,478.0,sell,NASDAQ
tx_0001858,2025-06-17 09:39:57,WMT,141.0,759.0,sell,NYSE
tx_0007165,2025-06-17 09:39:58,ADBE,601.67,375.0,buy,NASDAQ
tx_0002812,2025-06-17 09:40:02,DIS,181.18,35.0,sell,NYSE
tx_0004853,2025-06-17 09:40:03,GOOGL,2834.49,871.0,sell,NASDAQ
tx_0003777,2025-06-17 09:40:03,MSFT,293.96,99.0,buy,NASDAQ
tx_0000195,2025-06-17 09:40:04,FB,329.38,524.0,buy,NASDAQ
tx_0001588,2025-06-17 09:40:05,DIS,180.08,846.0,sell,NYSE
tx_0004812,2025-06-17 09:40:07,BRK.B,277.67,264.0,sell,NYSE
tx_0002289,2025-06-17 09:40:08,KO,55.78,834.0,buy,NYSE
tx_0001091,2025-06-17 09:40:08,PYPL,251.68,439.0,buy,NASDAQ
tx_0007699,2025-06-17 09:40:09,FB,330.33,395.0,sell,NASDAQ
tx_0007783,2025-06-17 09:40:12,ADBE,607.53,103.0,buy,NASDAQ
tx_0005539,2025-06-17 09:40:12,GOOGL,2803.54,562.0,buy,NASDAQ
tx_0003418,2025-06-17 09:40:14,BRK.B,280.75,399.0,buy,NYSE
tx_0007286,2025-06-17 09:40:15,MCD,249.4,32.0,sell,NYSE
tx_0007036,2025-06-17 09:40:17,PEP,150.77,208.0,sell,NYSE
tx_0009980,2025-06-17 09:40:20,PYPL,252.81,824.0,sell,NASDAQ
tx_0004668,2025-06-17 09:40:22,PEP,153.18,564.0,sell,NYSE
tx_0005734,2025-06-17 09:40:23,AAPL,150.5,514.0,buy,NASDAQ
tx_0000851,2025-06-17 09:40:24,DIS,179.22,786.0,sell,NYSE
tx_0007886,2025-06-17 09:40:25,MA,348.56,630.0,sell,NYSE
tx_0004269,2025-06-17 09:40:25,ADBE,604.71,10.0,sell,NASDAQ
tx_0007993,2025-06-17 09:40:28,TSLA,688.89,887.0,sell,NASDAQ
tx_0001608,2025-06-17 09:40:29,PG,141.65,328.0,sell,NYSE
tx_0006699,2025-06-17 09:40:29,PEP,151.05,125.0,sell,NYSE
tx_0006234,2025-06-17 09:40:30,GOOGL,2797.83,737.0,sell,NASDAQ
tx_0004339,2025-06-17 09:40:31,PYPL,249.79,859.0,sell,NASDAQ
tx_0001252,2025-06-17 09:40:37,PG,139.78,307.0,sell,NYSE
tx_0003572,2025-06-17 09:40:38,DIS,180.52,227.0,buy,NYSE
tx_0005574,2025-06-17 09:40:39,NFLX,497.62,540.0,buy,NASDAQ
tx_0000571,2025-06-17 09:40:40,JNJ,171.46,273.0,buy,NYSE
tx_0009727,2025-06-17 09:40:44,PG,142.21,348.0,buy,NYSE
tx_0006598,2025-06-17 09:40:44,ADBE,602.27,306.0,sell,NASDAQ
tx_0009164,2025-06-17 09:40:45,GOOGL,2809.99,404.0,sell,NASDAQ
tx_0007742,2025-06-17 09:40:45,PYPL,250.74,696.0,buy,NASDAQ
tx_0009110,2025-06-17 09:40:48,MA,346.44,423.0,sell,NYSE
tx_0009171,2025-06-17 09:40:51,TSLA,689.92,969.0,sell,NASDAQ
tx_0000703,2025-06-17 09:40:52,GOOGL,2811.66,203.0,buy,NASDAQ
tx_0008968,2025-06-17 09:40:56,BRK.B,281.09,215.0,sell,NYSE
tx_0009255,2025-06-17 09:40:56,MCD,249.22,164.0,sell,NYSE
tx_0009339,2025-06-17 09:40:56,BRK.B,276.69,135.0,buy,NYSE
tx_0007170,2025-06-17 09:40:57,NVDA,195.09,392.0,buy,NASDAQ
tx_0001422,2025-06-17 09:40:57,PG,141.67,506.0,buy,NYSE
tx_0001781,2025-06-17 09:41:07,KO,55.87,901.0,sell,NYSE
tx_0007450,2025-06-17 09:41:08,WMT,141.12,828.0,sell,NYSE
tx_0006427,2025-06-17 09:41:10,NFLX,501.09,948.0,sell,NASDAQ
tx_0003490,2025-06-17 09:41:12,ADBE,603.74,632.0,sell,NASDAQ
tx_0003041,2025-06-17 09:41:13,WMT,141.18,831.0,sell,NYSE
tx_0004713,2025-06-17 09:41:15,AAPL,152.4,754.0,sell,NASDAQ
tx_0009001,2025-06-17 09:41:21,WMT,139.39,192.0,buy,NYSE
tx_0001055,2025-06-17 09:41:21,WMT,140.85,903.0,sell,NYSE
tx_0000746,2025-06-17 09:41:22,NVDA,198.03,694.0,buy,NASDAQ
tx_0000139,2025-06-17 09:41:23,MCD,249.47,126.0,sell,NYSE
tx_0005229,2025-06-17 09:41:24,FB,331.56,987.0,buy,NASDAQ
tx_0000460,2025-06-17 09:41:26,MA,345.78,191.0,buy,NYSE
tx_0005486,2025-06-17 09:41:33,AAPL,150.81,155.0,buy,NASDAQ
tx_0002691,2025-06-17 09:41:34,MA,348.99,420.0,sell,NYSE
tx_0001616,2025-06-17 09:41:35,V,218.28,334.0,buy,NYSE
tx_0001551,2025-06-17 09:41:40,NFLX,502.65,78.0,buy,NASDAQ
tx_0008713,2025-06-17 09:41:42,NVDA,198.55,968.0,buy,NASDAQ
tx_0005108,2025-06-17 09:41:45,MCD,251.43,599.0,buy,NYSE
tx_0007667,2025-06-17 09:41:47,BRK.B,276.72,990.0,buy,NYSE
tx_0003292,2025-06-17 09:41:48,WMT,139.96,852.0,sell,NYSE
tx_0009571,2025-06-17 09:41:48,AAPL,151.55,203.0,buy,NASDAQ
tx_0000137,2025-06-17 09:41:51,TSLA,703.08,460.0,buy,NASDAQ
tx_0009444,2025-06-17 09:41:52,NVDA,195.32,342.0,sell,NASDAQ
tx_0006017,2025-06-17 09:41:56,MA,350.01,884.0,buy,NYSE
tx_0008761,2025-06-17 09:41:58,WMT,139.36,831.0,buy,NYSE
tx_0001973,2025-06-17 09:42:00,V,216.66,967.0,sell,NYSE
tx_0009987,2025-06-17 09:42:01,PYPL,252.77,833.0,buy,NASDAQ
tx_0007384,2025-06-17 09:42:06,JNJ,170.41,413.0,buy,NYSE
tx_0009937,2025-06-17 09:42:12,WMT,141.54,21.0,buy,NYSE
tx_0002428,2025-06-17 09:42:17,WMT,140.05,277.0,sell,NYSE
tx_0000187,2025-06-17 09:42:26,PYPL,251.97,67.0,buy,NASDAQ
tx_0006675,2025-06-17 09:42:27,GOOGL,2840.25,741.0,sell,NASDAQ
tx_0002911,2025-06-17 09:42:28,WMT,139.24,215.0,sell,NYSE
tx_0006077,2025-06-17 09:42:28,NFLX,497.45,930.0,sell,NASDAQ
tx_0006202,2025-06-17 09:42:28,NVDA,196.39,752.0,buy,NASDAQ
tx_0008566,2025-06-17 09:42:29,AMZN,3460.54,863.0,sell,NASDAQ
tx_0008424,2025-06-17 09:42:29,PEP,151.45,56.0,sell,NYSE
tx_0008868,2025-06-17 09:42:29,AAPL,149.88,154.0,buy,NASDAQ
tx_0003479,2025-06-17 09:42:30,MA,350.8,778.0,sell,
tx_0007009,2025-06-17 09:42:31,DIS,178.51,381.0,sell,NYSE
tx_0000748,2025-06-17 09:42:38,AAPL,150.15,479.0,buy,NASDAQ
tx_0004949,2025-06-17 09:42:38,FB,332.27,344.0,buy,NASDAQ
tx_0004128,2025-06-17 09:42:40,KO,56.73,95.0,buy,NYSE
tx_0007504,2025-06-17 09:42:41,AMZN,3464.64,492.0,sell,NASDAQ
tx_0008821,2025-06-17 09:42:41,NFLX,494.62,62.0,buy,NASDAQ
tx_0003207,2025-06-17 09:42:43,PG,,236.0,buy,NYSE
tx_0008765,2025-06-17 09:42:45,AMZN,3524.08,574.0,buy,NASDAQ
tx_0008465,2025-06-17 09:42:45,GOOGL,2841.12,191.0,sell,NASDAQ
tx_0001171,2025-06-17 09:42:48,NVDA,197.59,924.0,sell,NASDAQ
tx_0001213,2025-06-17 09:42:48,V,220.96,131.0,sell,NYSE
tx_0007108,2025-06-17 09:42:53,GOOGL,2809.8,402.0,buy,NASDAQ
tx_0003408,2025-06-17 09:42:54,PYPL,251.04,742.0,buy,NASDAQ
tx_0007316,2025-06-17 09:42:54,NVDA,196.25,631.0,sell,NASDAQ
tx_0006185,2025-06-17 09:42:59,AAPL,152.94,578.0,sell,NASDAQ
tx_0009012,2025-06-17 09:43:02,GOOGL,2814.21,308.0,sell,NASDAQ
tx_0002989,2025-06-17 09:43:03,ADBE,608.19,946.0,,NASDAQ
tx_0001308,2025-06-17 09:43:04,AAPL,150.86,273.0,buy,NASDAQ
tx_0008719,2025-06-17 09:43:04,PYPL,252.12,437.0,buy,NASDAQ
tx_0009185,2025-06-17 09:43:05,BRK.B,274.71,540.0,buy,NYSE
tx_0007577,2025-06-17 09:43:08,ADBE,612.93,75.0,sell,NASDAQ
tx_0000042,2025-06-17 09:43:12,PYPL,250.99,468.0,buy,NASDAQ
tx_0007435,2025-06-17 09:43:12,ADBE,604.55,475.0,sell,NASDAQ
tx_0005674,2025-06-17 09:43:13,JNJ,169.27,527.0,buy,NYSE
tx_0000582,2025-06-17 09:43:18,MCD,252.32,919.0,buy,NYSE
tx_0000411,2025-06-17 09:43:19,ADBE,611.21,126.0,sell,NASDAQ
tx_0005772,2025-06-17 09:43:22,WMT,140.72,960.0,buy,NYSE
tx_0000998,2025-06-17 09:43:23,TSLA,698.29,973.0,sell,NASDAQ
tx_0003815,2025-06-17 09:43:26,DIS,180.67,560.0,sell,NYSE
tx_0002801,2025-06-17 09:43:26,DIS,180.62,634.0,buy,NYSE
tx_0001258,2025-06-17 09:43:27,ADBE,609.98,738.0,buy,NASDAQ
tx_0005088,2025-06-17 09:43:29,DIS,180.64,998.0,sell,NYSE
tx_0000184,2025-06-17 09:43:32,ADBE,616.08,519.0,buy,NASDAQ
tx_0005258,2025-06-17 09:43:43,PG,140.53,996.0,buy,NYSE
tx_0004983,2025-06-17 09:43:45,NVDA,197.3,297.0,sell,NASDAQ
tx_0000594,2025-06-17 09:43:45,V,218.07,951.0,buy,NYSE
tx_0009583,2025-06-17 09:43:46,NFLX,497.51,530.0,buy,NASDAQ
tx_0000516,2025-06-17 09:43:52,ADBE,616.99,972.0,sell,NASDAQ
tx_0005807,2025-06-17 09:43:53,FB,332.66,858.0,sell,NASDAQ
tx_0007688,2025-06-17 09:43:55,DIS,179.17,89.0,sell,NYSE
tx_0006596,2025-06-17 09:43:55,GOOGL,2830.54,661.0,buy,NASDAQ
tx_0003152,2025-06-17 09:43:55,NFLX,499.59,932.0,buy,NASDAQ
tx_0004328,2025-06-17 09:43:57,GOOGL,2852.11,456.0,buy,NASDAQ
tx_0006183,2025-06-17 09:43:57,PEP,152.54,650.0,sell,NYSE
tx_0003728,2025-06-17 09:43:58,FB,333.05,651.0,sell,NASDAQ
tx_0002886,2025-06-17 09:44:03,V,218.4,876.0,buy,NYSE
tx_0008035,2025-06-17 09:44:03,BRK.B,275.37,998.0,sell,NYSE
tx_0009901,2025-06-17 09:44:08,MA,352.24,957.0,buy,NYSE
tx_0001692,2025-06-17 09:44:11,MSFT,292.8,437.0,sell,NASDAQ
tx_0004632,2025-06-17 09:44:12,NVDA,199.63,955.0,buy,NASDAQ
tx_0005309,2025-06-17 09:44:14,GOOGL,2851.52,916.0,buy,NASDAQ
tx_0001690,2025-06-17 09:44:18,ADBE,614.25,535.0,buy,NASDAQ
tx_0005611,2025-06-17 09:44:18,NFLX,498.62,1.0,buy,NASDAQ
tx_0007481,2025-06-17 09:44:20,JNJ,167.73,819.0,sell,NYSE
tx_0007219,2025-06-17 09:44:23,PYPL,248.75,764.0,buy,NASDAQ
tx_0007237,2025-06-17 09:44:23,GOOGL,2815.81,418.0,sell,NASDAQ
tx_0008112,2025-06-17 09:44:24,ADBE,611.62,974.0,buy,NASDAQ
tx_0000861,2025-06-17 09:44:26,V,219.83,797.0,sell,NYSE
tx_0003307,2025-06-17 09:44:28,BRK.B,278.71,75.0,sell,NYSE
tx_0000631,2025-06-17 09:44:29,NFLX,494.38,572.0,buy,NASDAQ
tx_0006127,2025-06-17 09:44:30,AMZN,3518.82,877.0,buy,NASDAQ
tx_0006212,2025-06-17 09:44:31,AMZN,3472.29,368.0,sell,NASDAQ
tx_0005930,2025-06-17 09:44:33,DIS,178.05,456.0,sell,NYSE
tx_0007829,2025-06-17 09:44:36,AMZN,3482.24,777.0,sell,NASDAQ
tx_0007121,2025-06-17 09:44:36,BRK.B,280.98,742.0,sell,NYSE
tx_0005977,2025-06-17 09:44:45,GOOGL,2795.82,745.0,sell,NASDAQ
tx_0004796,2025-06-17 09:44:48,MCD,250.86,292.0,buy,NYSE
tx_0000245,2025-06-17 09:44:51,V,217.66,684.0,sell,NYSE
tx_0002586,2025-06-17 09:44:53,BRK.B,275.94,833.0,buy,NYSE
tx_0005825,2025-06-17 09:45:04,KO,56.8,751.0,sell,NYSE
tx_0003731,2025-06-17 09:45:04,MCD,250.94,291.0,buy,NYSE
tx_0009348,2025-06-17 09:45:06,NFLX,501.04,143.0,sell,NASDAQ
tx_0008513,2025-06-17 09:45:08,TSLA,699.56,925.0,buy,NASDAQ
tx_0008151,2025-06-17 09:45:09,AMZN,3511.71,725.0,sell,NASDAQ
tx_0005699,2025-06-17 09:45:11,PG,143.31,360.0,buy,NYSE
tx_0001311,2025-06-17 09:45:18,V,217.99,821.0,sell,NYSE
tx_0004511,2025-06-17 09:45:22,BRK.B,278.33,775.0,buy,NYSE
tx_0001902,2025-06-17 09:45:22,MSFT,297.73,349.0,buy,NASDAQ
tx_0006456,2025-06-17 09:45:24,PYPL,251.04,31.0,buy,NASDAQ
tx_0006583,2025-06-17 09:45:31,AAPL,150.34,449.0,sell,NASDAQ
tx_0002075,2025-06-17 09:45:33,TSLA,695.46,816.0,sell,NASDAQ
tx_0005586,2025-06-17 09:45:33,BRK.B,276.72,447.0,sell,NYSE
tx_0008033,2025-06-17 09:45:34,AAPL,150.37,695.0,sell,NASDAQ
tx_0009903,2025-06-17 09:45:44,PG,142.04,291.0,sell,NYSE
tx_0006779,2025-06-17 09:45:49,NVDA,197.71,181.0,buy,NASDAQ
tx_0004003,2025-06-17 09:45:52,BRK.B,276.73,475.0,buy,NYSE
tx_0007814,2025-06-17 09:45:53,BRK.B,279.25,43.0,sell,NYSE
tx_0007838,2025-06-17 09:45:58,ADBE,603.6,197.0,buy,NASDAQ
tx_0008140,2025-06-17 09:45:58,GOOGL,2837.1,840.0,sell,NASDAQ
tx_0001819,2025-06-17 09:46:01,TSLA,694.28,895.0,sell,NASDAQ
tx_0006875,2025-06-17 09:46:10,PG,143.57,971.0,sell,NYSE
tx_0000753,2025-06-17 09:46:11,DIS,178.11,708.0,sell,NYSE
tx_0000311,2025-06-17 09:46:12,WMT,139.97,152.0,sell,NYSE
tx_0009360,2025-06-17 09:46:13,AMZN,3458.73,633.0,buy,NASDAQ
tx_0007025,2025-06-17 09:46:18,V,216.08,723.0,sell,NYSE
tx_0001335,2025-06-17 09:46:19,GOOGL,2826.13,477.0,buy,NASDAQ
tx_0001161,2025-06-17 09:46:22,FB,332.06,649.0,buy,NASDAQ
tx_0008999,2025-06-17 09:46:22,NVDA,199.18,631.0,buy,NASDAQ
tx_0004916,2025-06-17 09:46:22,BRK.B,276.87,977.0,buy,NYSE
tx_0006600,2025-06-17 09:46:25,NVDA,197.53,85.0,sell,NASDAQ
tx_0006192,2025-06-17 09:46:34,V,218.47,488.0,sell,NYSE
tx_0003772,2025-06-17 09:46:34,FB,335.34,550.0,buy,NASDAQ
tx_0009702,2025-06-17 09:46:36,TSLA,706.79,164.0,buy,NASDAQ
tx_0009755,2025-06-17 09:46:36,PEP,151.15,478.0,buy,NYSE
tx_0003166,2025-06-17 09:46:38,NFLX,496.68,199.0,sell,NASDAQ
tx_0009243,2025-06-17 09:46:39,V,219.13,21.0,sell,NYSE
tx_0007442,2025-06-17 09:46:42,WMT,139.91,666.0,sell,NYSE
tx_0004352,2025-06-17 09:46:46,NFLX,498.3,596.0,buy,NASDAQ
tx_0004820,2025-06-17 09:46:46,PG,143.56,270.0,sell,NYSE
tx_0009688,2025-06-17 09:46:49,TSLA,702.47,13.0,sell,NASDAQ
tx_0000302,2025-06-17 09:46:51,ADBE,612.09,606.0,sell,NASDAQ
tx_0008526,2025-06-17 09:46:53,AMZN,3467.98,875.0,buy,NASDAQ
tx_0009996,2025-06-17 09:46:57,JNJ,168.22,599.0,buy,NYSE
tx_0007594,2025-06-17 09:46:58,NVDA,201.2,321.0,sell,NASDAQ
tx_0006794,2025-06-17 09:47:00,V,216.95,283.0,buy,
tx_0000379,2025-06-17 09:47:00,MSFT,296.09,183.0,sell,NASDAQ
tx_0008743,2025-06-17 09:47:10,GOOGL,2814.81,776.0,buy,NASDAQ
tx_0004852,2025-06-17 09:47:11,NFLX,496.78,227.0,buy,NASDAQ
tx_0006515,2025-06-17 09:47:13,PG,142.94,75.0,buy,NYSE
tx_0004332,2025-06-17 09:47:15,GOOGL,2802.89,34.0,sell,NASDAQ
tx_0001673,2025-06-17 09:47:20,MCD,251.84,608.0,sell,NYSE
tx_0008722,2025-06-17 09:47:22,AAPL,152.4,644.0,sell,NASDAQ
tx_0009279,2025-06-17 09:47:22,BRK.B,276.99,853.0,sell,NYSE
tx_0003546,2025-06-17 09:47:23,MSFT,296.0,16.0,sell,NASDAQ
tx_0008452,2025-06-17 09:47:24,NFLX,497.14,133.0,buy,NASDAQ
tx_0005362,2025-06-17 09:47:26,MSFT,295.03,732.0,sell,NASDAQ
tx_0002475,2025-06-17 09:47:32,V,217.07,21.0,buy,NYSE
tx_0004027,2025-06-17 09:47:33,MCD,254.52,325.0,buy,NYSE
tx_0009120,2025-06-17 09:47:34,PEP,152.46,962.0,buy,NYSE
tx_0006048,2025-06-17 09:47:35,AMZN,3510.39,711.0,buy,NASDAQ
tx_0007635,2025-06-17 09:47:35,JNJ,170.08,117.0,sell,NYSE
tx_0001978,2025-06-17 09:47:36,ADBE,607.6,577.0,buy,NASDAQ
tx_0003799,2025-06-17 09:47:38,ADBE,611.82,11.0,buy,NASDAQ
tx_0004669,2025-06-17 09:47:38,PYPL,250.44,67.0,buy,NASDAQ
tx_0003934,2025-06-17 09:47:39,ADBE,609.61,385.0,buy,NASDAQ
tx_0001375,2025-06-17 09:47:44,MCD,251.93,,sell,NYSE
tx_0007268,2025-06-17 09:47:46,BRK.B,276.9,615.0,sell,NYSE
tx_0009391,2025-06-17 09:47:49,NFLX,495.6,381.0,buy,NASDAQ
tx_0000132,2025-06-17 09:47:51,ADBE,610.45,895.0,buy,NASDAQ
tx_0000731,2025-06-17 09:47:53,NVDA,196.55,672.0,sell,NASDAQ
tx_0001863,2025-06-17 09:47:54,V,217.54,615.0,sell,NYSE
tx_0001723,2025-06-17 09:47:54,ADBE,610.88,110.0,buy,NASDAQ
tx_0002732,2025-06-17 09:47:58,PEP,150.62,8.0,sell,NYSE
tx_0006552,2025-06-17 09:48:04,MA,345.85,100.0,buy,NYSE
tx_0008658,2025-06-17 09:48:05,DIS,177.46,71.0,buy,NYSE
tx_0007197,2025-06-17 09:48:06,JNJ,167.95,222.0,sell,NYSE
tx_0008575,2025-06-17 09:48:14,GOOGL,2836.7,189.0,buy,NASDAQ
tx_0006421,2025-06-17 09:48:15,PYPL,250.3,583.0,buy,NASDAQ
tx_0005872,2025-06-17 09:48:17,ADBE,610.54,719.0,buy,NASDAQ
tx_0007048,2025-06-17 09:48:26,DIS,176.66,593.0,buy,NYSE
tx_0001691,2025-06-17 09:48:27,TSLA,698.04,821.0,,NASDAQ
tx_0006975,2025-06-17 09:48:29,AAPL,152.57,694.0,buy,NASDAQ
tx_0009315,2025-06-17 09:48:29,TSLA,696.15,438.0,sell,NASDAQ
tx_0008740,2025-06-17 09:48:32,PEP,153.01,719.0,buy,NYSE
tx_0000354,2025-06-17 09:48:34,PYPL,251.37,213.0,buy,NASDAQ
tx_0009106,2025-06-17 09:48:38,KO,55.98,649.0,sell,NYSE
tx_0006463,2025-06-17 09:48:42,ADBE,608.06,328.0,buy,NASDAQ
tx_0005630,2025-06-17 09:48:54,AMZN,3446.29,629.0,sell,
tx_0007870,2025-06-17 09:48:55,DIS,177.48,17.0,buy,NYSE
tx_0005879,2025-06-17 09:48:58,GOOGL,2812.54,770.0,buy,NASDAQ
tx_0008159,2025-06-17 09:48:58,AMZN,3462.42,625.0,buy,NASDAQ
tx_0009914,2025-06-17 09:49:03,AAPL,151.31,476.0,buy,NASDAQ
tx_0000636,2025-06-17 09:49:06,BRK.B,275.33,796.0,sell,NYSE
tx_0008480,2025-06-17 09:49:06,V,216.72,320.0,buy,NYSE
tx_0003067,2025-06-17 09:49:07,AAPL,152.23,307.0,buy,NASDAQ
tx_0000130,2025-06-17 09:49:10,WMT,139.97,242.0,sell,NYSE
tx_0004168,2025-06-17 09:49:12,JNJ,168.11,804.0,buy,NYSE
tx_0007849,2025-06-17 09:49:12,ADBE,603.62,359.0,,NASDAQ
tx_0002622,2025-06-17 09:49:14,BRK.B,280.44,40.0,buy,NYSE
tx_0003633,2025-06-17 09:49:16,DIS,176.17,831.0,buy,NYSE
tx_0006142,2025-06-17 09:49:18,NFLX,496.37,247.0,buy,NASDAQ
tx_0006563,2025-06-17 09:49:18,BRK.B,278.48,655.0,buy,NYSE
tx_0007940,2025-06-17 09:49:18,WMT,141.75,336.0,sell,NYSE
tx_0009224,2025-06-17 09:49:18,V,218.21,918.0,sell,NYSE
tx_0002205,2025-06-17 09:49:20,ADBE,602.12,83.0,buy,NASDAQ
tx_0003404,2025-06-17 09:49:20,GOOGL,2828.18,588.0,sell,NASDAQ
tx_0007554,2025-06-17 09:49:21,AMZN,3460.96,977.0,buy,NASDAQ
tx_0005338,2025-06-17 09:49:23,ADBE,604.85,958.0,sell,NASDAQ
tx_0007902,2025-06-17 09:49:24,DIS,175.32,938.0,sell,NYSE
tx_0009394,2025-06-17 09:49:24,MSFT,293.09,48.0,buy,NASDAQ
tx_0002750,2025-06-17 09:49:29,MSFT,297.09,777.0,sell,NASDAQ
tx_0003165,2025-06-17 09:49:30,DIS,175.12,88.0,sell,NYSE
tx_0004864,2025-06-17 09:49:32,MCD,251.7,405.0,sell,NYSE
tx_0005928,2025-06-17 09:49:32,KO,56.24,666.0,buy,NYSE
tx_0006811,2025-06-17 09:49:33,TSLA,704.73,631.0,buy,NASDAQ
tx_0003160,2025-06-17 09:49:35,AMZN,3485.99,307.0,buy,NASDAQ
tx_0006985,2025-06-17 09:49:38,TSLA,709.07,67.0,sell,NASDAQ
tx_0009949,2025-06-17 09:49:41,AAPL,152.03,829.0,sell,NASDAQ
tx_0002377,2025-06-17 09:49:44,WMT,142.74,917.0,sell,NYSE
tx_0000721,2025-06-17 09:49:46,WMT,141.74,96.0,sell,NYSE
tx_0009743,2025-06-17 09:49:51,WMT,141.08,96.0,buy,NYSE
tx_0005318,2025-06-17 09:49:52,FB,336.66,224.0,buy,NASDAQ
tx_0005933,2025-06-17 09:49:55,MCD,252.74,824.0,buy,NYSE
tx_0001490,2025-06-17 09:49:56,ADBE,603.05,442.0,buy,NASDAQ
tx_0009068,2025-06-17 09:49:56,KO,55.59,19.0,sell,NYSE
tx_0001321,2025-06-17 09:49:57,AMZN,3453.68,495.0,sell,NASDAQ
tx_0001262,2025-06-17 09:49:59,ADBE,603.66,95.0,buy,NASDAQ
tx_0004664,2025-06-17 09:50:00,AMZN,3454.55,417.0,buy,NASDAQ
tx_0001617,2025-06-17 09:50:01,MSFT,293.61,192.0,sell,NASDAQ
tx_0000735,2025-06-17 09:50:02,GOOGL,2819.5,532.0,sell,NASDAQ
tx_0009985,2025-06-17 09:50:03,PG,144.04,240.0,sell,NYSE
tx_0007002,2025-06-17 09:50:03,KO,55.83,868.0,sell,NYSE
tx_0002644,2025-06-17 09:50:06,KO,55.9,545.0,buy,NYSE
tx_0000635,2025-06-17 09:50:07,ADBE,598.4,462.0,buy,NASDAQ
tx_0004432,2025-06-17 09:50:08,ADBE,608.32,178.0,sell,NASDAQ
tx_0000252,2025-06-17 09:50:11,AMZN,3451.67,286.0,sell,NASDAQ
tx_0005256,2025-06-17 09:50:15,PEP,150.03,860.0,buy,NYSE
tx_0006054,2025-06-17 09:50:16,PYPL,253.87,200.0,buy,NASDAQ
tx_0003917,2025-06-17 09:50:17,MCD,254.32,713.0,buy,NYSE
tx_0000603,2025-06-17 09:50:17,MA,346.25,610.0,buy,NYSE
tx_0006646,2025-06-17 09:50:18,GOOGL,2835.83,476.0,sell,NASDAQ
tx_0005099,2025-06-17 09:50:22,MCD,253.64,532.0,sell,NYSE
tx_0004711,2025-06-17 09:50:23,JNJ,169.15,652.0,buy,NYSE
tx_0009182,2025-06-17 09:50:26,WMT,141.4,45.0,buy,NYSE
tx_0006343,2025-06-17 09:50:26,MCD,250.53,288.0,buy,NYSE
tx_0003941,2025-06-17 09:50:30,NFLX,492.03,586.0,sell,NASDAQ
tx_0004468,2025-06-17 09:50:32,FB,334.44,613.0,buy,NASDAQ
tx_0004085,2025-06-17 09:50:36,ADBE,602.84,705.0,buy,NASDAQ
tx_0009165,2025-06-17 09:50:36,NVDA,198.29,51.0,sell,NASDAQ
tx_0008044,2025-06-17 09:50:42,MSFT,294.8,658.0,buy,NASDAQ
tx_0004766,2025-06-17 09:50:43,KO,56.43,470.0,buy,NYSE
tx_0007628,2025-06-17 09:50:45,FB,332.35,281.0,buy,NASDAQ
tx_0008134,2025-06-17 09:50:46,PEP,149.89,845.0,,NYSE
tx_0006886,2025-06-17 09:50:47,PYPL,249.79,425.0,sell,NASDAQ
tx_0002740,2025-06-17 09:50:50,AMZN,3524.25,907.0,sell,NASDAQ
tx_0006917,2025-06-17 09:50:51,V,217.57,382.0,buy,NYSE
tx_0000565,2025-06-17 09:50:55,NVDA,199.72,606.0,sell,NASDAQ
tx_0005568,2025-06-17 09:50:58,DIS,177.14,162.0,buy,NYSE
tx_0005606,2025-06-17 09:50:59,PG,143.48,882.0,sell,NYSE
tx_0000778,2025-06-17 09:51:02,JNJ,167.48,10.0,buy,NYSE
tx_0007749,2025-06-17 09:51:02,KO,56.14,277.0,buy,NYSE
tx_0004341,2025-06-17 09:51:03,BRK.B,275.36,572.0,sell,NYSE
tx_0006160,2025-06-17 09:51:04,NFLX,491.29,973.0,sell,NASDAQ
tx_0002016,2025-06-17 09:51:09,MSFT,295.06,711.0,buy,NASDAQ
tx_0006963,2025-06-17 09:51:10,ADBE,606.05,975.0,buy,NASDAQ
tx_0004129,2025-06-17 09:51:18,MCD,254.43,453.0,sell,NYSE
tx_0002921,2025-06-17 09:51:29,NVDA,199.68,593.0,buy,NASDAQ
tx_0004645,2025-06-17 09:51:35,BRK.B,277.62,359.0,buy,NYSE
tx_0004802,2025-06-17 09:51:36,PEP,151.95,10.0,buy,NYSE
tx_0005052,2025-06-17 09:51:37,PEP,150.3,846.0,sell,NYSE
tx_0004083,2025-06-17 09:51:38,TSLA,712.4,756.0,buy,NASDAQ
tx_0004631,2025-06-17 09:51:42,AMZN,3450.69,485.0,buy,NASDAQ
tx_0001478,2025-06-17 09:51:44,TSLA,700.89,824.0,buy,NASDAQ
tx_0001069,2025-06-17 09:51:48,GOOGL,2812.09,923.0,sell,NASDAQ
tx_0009849,2025-06-17 09:51:48,ADBE,603.24,407.0,buy,NASDAQ
tx_0001837,2025-06-17 09:51:54,JNJ,168.67,117.0,buy,NYSE
tx_0008258,2025-06-17 09:51:57,PEP,149.65,313.0,sell,NYSE
tx_0002014,2025-06-17 09:51:58,V,215.46,63.0,sell,NYSE
tx_0001078,2025-06-17 09:51:58,BRK.B,276.11,545.0,buy,NYSE
tx_0005605,2025-06-17 09:52:02,WMT,141.86,365.0,sell,NYSE
tx_0009236,2025-06-17 09:52:06,V,215.67,348.0,sell,NYSE
tx_0002708,2025-06-17 09:52:19,KO,55.83,213.0,buy,NYSE
tx_0003865,2025-06-17 09:52:21,ADBE,602.02,465.0,buy,NASDAQ
tx_0007848,2025-06-17 09:52:21,PYPL,252.57,836.0,buy,NASDAQ
tx_0005001,2025-06-17 09:52:22,FB,338.45,619.0,buy,NASDAQ
tx_0006243,2025-06-17 09:52:23,WMT,143.34,470.0,buy,NYSE
tx_0007763,2025-06-17 09:52:23,FB,334.42,55.0,buy,NASDAQ
tx_0002885,2025-06-17 09:52:24,ADBE,599.69,871.0,buy,NASDAQ
tx_0006329,2025-06-17 09:52:24,FB,335.17,960.0,sell,NASDAQ
tx_0004619,2025-06-17 09:52:25,FB,336.66,908.0,sell,NASDAQ
tx_0006793,2025-06-17 09:52:25,PYPL,249.23,686.0,buy,NASDAQ
tx_0008686,2025-06-17 09:52:27,PYPL,249.41,153.0,sell,NASDAQ
tx_0005389,2025-06-17 09:52:29,FB,336.61,460.0,sell,NASDAQ
tx_0009176,2025-06-17 09:52:41,V,219.46,667.0,sell,NYSE
tx_0006359,2025-06-17 09:52:42,AMZN,3510.87,802.0,buy,NASDAQ
tx_0009602,2025-06-17 09:52:49,TSLA,702.7,864.0,sell,NASDAQ
tx_0002347,2025-06-17 09:52:50,TSLA,710.37,2.0,sell,NASDAQ
tx_0001205,2025-06-17 09:52:53,AMZN,3519.99,776.0,buy,NASDAQ
tx_0002564,2025-06-17 09:52:57,MA,345.09,427.0,buy,NYSE
tx_0005286,2025-06-17 09:52:59,MCD,256.29,38.0,sell,NYSE
tx_0004262,2025-06-17 09:53:01,TSLA,712.39,850.0,sell,NASDAQ
tx_0004177,2025-06-17 09:53:06,FB,333.82,486.0,buy,NASDAQ
tx_0005384,2025-06-17 09:53:08,BRK.B,278.5,408.0,buy,NYSE
tx_0008332,2025-06-17 09:53:08,TSLA,710.33,874.0,sell,NASDAQ
tx_0003127,2025-06-17 09:53:09,AMZN,3472.57,71.0,buy,NASDAQ
tx_0004203,2025-06-17 09:53:10,FB,337.27,726.0,sell,NASDAQ
tx_0006090,2025-06-17 09:53:10,MA,343.41,911.0,buy,NYSE
tx_0009858,2025-06-17 09:53:15,PG,141.72,967.0,buy,NYSE
tx_0000585,2025-06-17 09:53:18,MCD,256.38,969.0,sell,NYSE
tx_0003891,2025-06-17 09:53:19,GOOGL,2803.17,469.0,buy,NASDAQ
tx_0002388,2025-06-17 09:53:19,NVDA,198.79,316.0,sell,NASDAQ
tx_0009485,2025-06-17 09:53:24,MCD,254.76,441.0,buy,NYSE
tx_0000003,2025-06-17 09:53:27,NFLX,492.4,23.0,buy,NASDAQ
tx_0002181,2025-06-17 09:53:28,NFLX,492.02,247.0,sell,NASDAQ
tx_0007399,2025-06-17 09:53:29,V,217.91,186.0,buy,NYSE
tx_0000290,2025-06-17 09:53:30,ADBE,601.82,737.0,buy,NASDAQ
tx_0008853,2025-06-17 09:53:35,DIS,174.62,771.0,sell,NYSE
tx_0003879,2025-06-17 09:53:37,FB,336.95,247.0,buy,NASDAQ
tx_0004695,2025-06-17 09:53:38,DIS,174.94,674.0,sell,NYSE
tx_0001962,2025-06-17 09:53:46,NVDA,199.57,525.0,buy,NASDAQ
tx_0007538,2025-06-17 09:53:48,MCD,253.46,484.0,buy,NYSE
tx_0008769,2025-06-17 09:53:50,PYPL,248.4,440.0,buy,NASDAQ
tx_0008787,2025-06-17 09:53:50,PYPL,249.31,173.0,buy,NASDAQ
tx_0007305,2025-06-17 09:53:50,MCD,254.7,655.0,buy,NYSE
tx_0006735,2025-06-17 09:53:52,TSLA,708.56,319.0,buy,NASDAQ
tx_0001341,2025-06-17 09:53:58,TSLA,703.03,765.0,buy,NASDAQ
tx_0008834,2025-06-17 09:54:04,AAPL,151.9,563.0,buy,NASDAQ
tx_0005749,2025-06-17 09:54:05,PEP,150.36,572.0,sell,NYSE
tx_0000371,2025-06-17 09:54:07,PG,143.42,432.0,buy,NYSE
tx_0009471,2025-06-17 09:54:14,JNJ,170.07,590.0,buy,NYSE
tx_0005666,2025-06-17 09:54:21,PYPL,249.1,110.0,sell,NASDAQ
tx_0002846,2025-06-17 09:54:22,MCD,256.63,42.0,sell,NYSE
tx_0002822,2025-06-17 09:54:22,PEP,149.24,383.0,sell,NYSE
tx_0008914,2025-06-17 09:54:22,PEP,150.15,788.0,buy,NYSE
tx_0006372,2025-06-17 09:54:24,PYPL,251.77,496.0,buy,NASDAQ
tx_0008776,2025-06-17 09:54:26,FB,337.06,315.0,buy,NASDAQ
tx_0003521,2025-06-17 09:54:30,MCD,254.57,632.0,buy,NYSE
tx_0009129,2025-06-17 09:54:31,NFLX,494.37,983.0,sell,NASDAQ
tx_0008912,2025-06-17 09:54:33,TSLA,709.22,762.0,buy,NASDAQ
tx_0000299,2025-06-17 09:54:39,NFLX,496.72,79.0,buy,NASDAQ
tx_0008045,2025-06-17 09:54:43,PEP,148.84,213.0,buy,NYSE
tx_0002366,2025-06-17 09:54:45,DIS,175.88,817.0,buy,NYSE
tx_0002647,2025-06-17 09:54:46,WMT,141.88,791.0,sell,NYSE
tx_0000303,2025-06-17 09:55:00,PEP,151.48,201.0,sell,NYSE
tx_0001314,2025-06-17 09:55:00,MA,348.95,531.0,buy,NYSE
tx_0002727,2025-06-17 09:55:04,PEP,149.98,543.0,sell,NYSE
tx_0009483,2025-06-17 09:55:04,PEP,148.73,795.0,sell,NYSE
tx_0006171,2025-06-17 09:55:08,FB,335.45,528.0,buy,NASDAQ
tx_0007099,2025-06-17 09:55:11,WMT,143.49,988.0,buy,NYSE
tx_0002705,2025-06-17 09:55:11,MCD,257.93,333.0,sell,NYSE
tx_0004331,2025-06-17 09:55:14,V,217.59,735.0,buy,NYSE
tx_0003984,2025-06-17 09:55:15,PYPL,248.84,522.0,sell,NASDAQ
tx_0009956,2025-06-17 09:55:15,MCD,256.68,720.0,sell,NYSE
tx_0006905,2025-06-17 09:55:16,V,218.22,214.0,buy,NYSE
tx_0005931,2025-06-17 09:55:22,ADBE,599.25,560.0,sell,NASDAQ
tx_0005620,2025-06-17 09:55:22,PG,143.56,747.0,sell,NYSE
tx_0003276,2025-06-17 09:55:26,MSFT,291.82,334.0,buy,NASDAQ
tx_0003564,2025-06-17 09:55:29,WMT,141.87,362.0,buy,NYSE
tx_0005777,2025-06-17 09:55:30,KO,56.21,440.0,sell,NYSE
tx_0004033,2025-06-17 09:55:37,FB,338.35,418.0,sell,NASDAQ
tx_0005506,2025-06-17 09:55:42,GOOGL,2758.2,971.0,sell,NASDAQ
tx_0003012,2025-06-17 09:56:03,JNJ,170.52,520.0,buy,NYSE
tx_0003842,2025-06-17 09:56:03,BRK.B,277.37,48.0,buy,NYSE
tx_0004835,2025-06-17 09:56:05,NFLX,491.75,476.0,buy,NASDAQ
tx_0006753,2025-06-17 09:56:05,TSLA,703.25,377.0,sell,NASDAQ
tx_0007320,2025-06-17 09:56:08,AMZN,3550.01,344.0,buy,NASDAQ
tx_0005880,2025-06-17 09:56:08,PEP,150.73,603.0,sell,NYSE
tx_0009501,2025-06-17 09:56:12,MCD,256.53,170.0,sell,NYSE
tx_0003595,2025-06-17 09:56:13,DIS,178.21,406.0,sell,NYSE
tx_0007383,2025-06-17 09:56:14,FB,335.33,957.0,sell,NASDAQ
tx_0005225,2025-06-17 09:56:15,JNJ,171.05,614.0,sell,NYSE
tx_0006423,2025-06-17 09:56:19,MSFT,294.1,847.0,buy,NASDAQ
tx_0002612,2025-06-17 09:56:20,AAPL,152.15,650.0,sell,NASDAQ
tx_0007872,2025-06-17 09:56:20,NVDA,201.53,998.0,sell,NASDAQ
tx_0002745,2025-06-17 09:56:20,V,221.17,252.0,,NYSE
tx_0000482,2025-06-17 09:56:28,MCD,257.62,60.0,buy,NYSE
tx_0006816,2025-06-17 09:56:28,MA,346.68,589.0,buy,NYSE
tx_0000358,2025-06-17 09:56:29,WMT,143.38,479.0,sell,NYSE
tx_0003501,2025-06-17 09:56:30,MA,345.05,312.0,buy,NYSE
tx_0001892,2025-06-17 09:56:31,JNJ,172.91,959.0,sell,NYSE
tx_0004038,2025-06-17 09:56:37,PG,142.61,158.0,buy,NYSE
tx_0005542,2025-06-17 09:56:39,KO,56.73,962.0,buy,NYSE
tx_0002751,2025-06-17 09:56:40,ADBE,600.74,349.0,sell,NASDAQ
tx_0007732,2025-06-17 09:56:46,NVDA,198.02,517.0,sell,NASDAQ
tx_0005541,2025-06-17 09:56:50,DIS,178.47,637.0,sell,NYSE
tx_0000578,2025-06-17 09:56:51,V,219.12,805.0,buy,NYSE
tx_0005991,2025-06-17 09:56:52,MA,347.94,560.0,buy,NYSE
tx_0001066,2025-06-17 09:56:52,NVDA,199.4,926.0,buy,NASDAQ
tx_0007690,2025-06-17 09:56:54,GOOGL,2771.42,885.0,buy,NASDAQ
tx_0004637,2025-06-17 09:56:57,NVDA,198.3,912.0,buy,NASDAQ
tx_0006865,2025-06-17 09:57:01,GOOGL,2789.42,676.0,sell,NASDAQ
tx_0009301,2025-06-17 09:57:04,GOOGL,2754.68,760.0,buy,NASDAQ
tx_0005102,2025-06-17 09:57:06,DIS,178.6,53.0,sell,NYSE
tx_0000329,2025-06-17 09:57:08,PEP,148.11,625.0,buy,NYSE
tx_0006027,2025-06-17 09:57:15,MA,347.93,238.0,buy,NYSE
tx_0009059,2025-06-17 09:57:20,GOOGL,2767.54,11.0,buy,NASDAQ
tx_0001869,2025-06-17 09:57:27,MCD,252.52,881.0,sell,NYSE
tx_0005637,2025-06-17 09:57:29,MA,344.57,261.0,buy,NYSE
tx_0005848,2025-06-17 09:57:31,AAPL,153.73,448.0,buy,NASDAQ
tx_0000196,2025-06-17 09:57:32,PYPL,248.53,134.0,sell,NASDAQ
tx_0003062,2025-06-17 09:57:36,V,221.1,975.0,sell,NYSE
tx_0007769,2025-06-17 09:57:38,GOOGL,2815.83,831.0,sell,NASDAQ
tx_0007469,2025-06-17 09:57:39,JNJ,170.18,456.0,sell,NYSE
tx_0005893,2025-06-17 09:57:41,GOOGL,2786.02,824.0,buy,NASDAQ
tx_0000143,2025-06-17 09:57:43,FB,335.99,799.0,buy,NASDAQ
tx_0002553,2025-06-17 09:57:45,AMZN,3571.79,728.0,buy,NASDAQ
tx_0005059,2025-06-17 09:57:45,MA,343.39,273.0,buy,NYSE
tx_0010000,2025-06-17 09:57:46,V,221.32,284.0,buy,NYSE
tx_0001505,2025-06-17 09:57:47,MCD,254.47,511.0,sell,NYSE
tx_0002332,2025-06-17 09:57:49,FB,334.51,921.0,buy,NASDAQ
tx_0006638,2025-06-17 09:57:50,MA,349.56,587.0,buy,NYSE
tx_0004929,2025-06-17 09:57:53,NFLX,494.94,973.0,,NASDAQ
tx_0004395,2025-06-17 09:57:54,PYPL,247.3,374.0,sell,NASDAQ
tx_0008661,2025-06-17 09:57:55,MCD,256.09,,buy,NYSE
tx_0004917,2025-06-17 09:57:58,PG,,750.0,buy,NYSE
tx_0001578,2025-06-17 09:57:58,AMZN,3552.62,26.0,sell,NASDAQ
tx_0001468,2025-06-17 09:58:00,PG,142.2,309.0,sell,NYSE
tx_0002198,2025-06-17 09:58:01,JNJ,169.56,360.0,sell,NYSE
tx_0009970,2025-06-17 09:58:07,GOOGL,2774.37,118.0,sell,NASDAQ
tx_0000908,2025-06-17 09:58:09,V,221.62,443.0,sell,NYSE
tx_0003281,2025-06-17 09:58:10,GOOGL,2779.35,628.0,sell,NASDAQ
tx_0008808,2025-06-17 09:58:13,PEP,150.0,399.0,buy,NYSE
tx_0008223,2025-06-17 09:58:17,MA,346.28,720.0,buy,NYSE
tx_0000350,2025-06-17 09:58:21,WMT,143.49,306.0,sell,NYSE
tx_0001105,2025-06-17 09:58:25,JNJ,169.23,529.0,buy,NYSE
tx_0003923,2025-06-17 09:58:26,V,222.21,135.0,buy,NYSE
tx_0000931,2025-06-17 09:58:28,MCD,254.36,802.0,buy,NYSE
tx_0006503,2025-06-17 09:58:29,MA,345.38,625.0,sell,NYSE
tx_0006770,2025-06-17 09:58:30,PG,141.58,784.0,sell,NYSE
tx_0000280,2025-06-17 09:58:31,BRK.B,277.69,804.0,sell,NYSE
tx_0008856,2025-06-17 09:58:33,GOOGL,2765.23,908.0,sell,NASDAQ
tx_0006369,2025-06-17 09:58:35,BRK.B,278.82,628.0,sell,NYSE
tx_0002821,2025-06-17 09:58:39,MSFT,291.01,812.0,sell,NASDAQ
tx_0004768,2025-06-17 09:58:42,AMZN,3555.98,310.0,buy,NASDAQ
tx_0009065,2025-06-17 09:58:44,JNJ,171.04,317.0,sell,NYSE
tx_0003089,2025-06-17 09:58:47,BRK.B,277.25,760.0,sell,NYSE
tx_0001130,2025-06-17 09:58:48,KO,57.41,16.0,buy,NYSE
tx_0008929,2025-06-17 09:58:50,AAPL,153.37,50.0,sell,NASDAQ
tx_0008097,2025-06-17 09:58:51,AAPL,151.96,878.0,buy,NASDAQ
tx_0003478,2025-06-17 09:58:54,PYPL,246.87,266.0,buy,NASDAQ
tx_0001998,2025-06-17 09:58:58,DIS,175.61,497.0,sell,NYSE
tx_0001738,2025-06-17 09:59:01,JNJ,171.87,799.0,sell,NYSE
tx_0001989,2025-06-17 09:59:02,V,220.33,396.0,buy,NYSE
tx_0006291,2025-06-17 09:59:05,ADBE,601.63,587.0,sell,NASDAQ
tx_0000856,2025-06-17 09:59:05,FB,337.5,492.0,buy,NASDAQ
tx_0007927,2025-06-17 09:59:07,PG,140.49,285.0,buy,NYSE
tx_0000179,2025-06-17 09:59:08,PYPL,244.7,220.0,sell,NASDAQ
tx_0006159,2025-06-17 09:59:12,PEP,148.39,798.0,buy,NYSE
tx_0008624,2025-06-17 09:59:16,DIS,177.23,897.0,buy,NYSE
tx_0009665,2025-06-17 09:59:18,WMT,141.45,836.0,buy,NYSE
tx_0007347,2025-06-17 09:59:18,NVDA,198.73,815.0,sell,NASDAQ
tx_0003765,2025-06-17 09:59:20,PG,141.97,922.0,buy,NYSE
tx_0001041,2025-06-17 09:59:24,PYPL,247.67,226.0,buy,NASDAQ
tx_0006430,2025-06-17 09:59:27,NFLX,499.28,800.0,sell,
tx_0001456,2025-06-17 09:59:27,PG,140.35,908.0,buy,NYSE
tx_0001557,2025-06-17 09:59:28,KO,57.13,772.0,buy,NYSE
tx_0002689,2025-06-17 09:59:30,FB,339.46,146.0,buy,NASDAQ
tx_0006981,2025-06-17 09:59:42,WMT,143.37,338.0,sell,NYSE
tx_0009131,2025-06-17 09:59:48,AAPL,154.6,444.0,sell,NASDAQ
tx_0005853,2025-06-17 09:59:49,KO,57.76,54.0,sell,NYSE
tx_0006116,2025-06-17 09:59:49,V,220.29,812.0,buy,NYSE
tx_0007716,2025-06-17 09:59:53,V,221.43,471.0,buy,NYSE
tx_0005557,2025-06-17 09:59:57,MSFT,290.8,641.0,sell,NASDAQ
tx_0004108,2025-06-17 09:59:57,ADBE,601.37,126.0,buy,NASDAQ
tx_0000324,2025-06-17 09:59:58,JNJ,168.7,453.0,buy,NYSE
tx_0009142,2025-06-17 10:00:03,JNJ,170.44,958.0,buy,NYSE
tx_0002286,2025-06-17 10:00:05,TSLA,708.15,299.0,sell,NASDAQ
tx_0001619,2025-06-17 10:00:14,AAPL,153.58,949.0,sell,NASDAQ
tx_0008622,2025-06-17 10:00:15,ADBE,610.21,965.0,sell,NASDAQ
tx_0002799,2025-06-17 10:00:19,MA,343.88,934.0,sell,NYSE
tx_0007142,2025-06-17 10:00:22,AMZN,3530.93,848.0,sell,NASDAQ
tx_0007332,2025-06-17 10:00:26,MA,346.95,440.0,sell,NYSE
tx_0005299,2025-06-17 10:00:31,AAPL,152.11,278.0,buy,NASDAQ
tx_0008228,2025-06-17 10:00:33,KO,57.86,872.0,sell,NYSE
tx_0000040,2025-06-17 10:00:41,MCD,253.3,155.0,sell,NYSE
tx_0006957,2025-06-17 10:00:41,JNJ,171.88,761.0,sell,NYSE
tx_0004527,2025-06-17 10:00:47,GOOGL,2803.17,790.0,sell,NASDAQ
tx_0001632,2025-06-17 10:00:53,DIS,177.34,490.0,buy,NYSE
tx_0009897,2025-06-17 10:00:57,MA,344.73,457.0,sell,
tx_0006719,2025-06-17 10:00:58,TSLA,710.17,961.0,buy,NASDAQ
tx_0006487,2025-06-17 10:01:00,GOOGL,2800.53,763.0,sell,NASDAQ
tx_0004598,2025-06-17 10:01:00,TSLA,709.09,692.0,buy,NASDAQ
tx_0008800,2025-06-17 10:01:01,PEP,148.21,689.0,sell,NYSE
tx_0009063,2025-06-17 10:01:03,TSLA,700.89,966.0,sell,NASDAQ
tx_0002797,2025-06-17 10:01:06,V,219.71,521.0,sell,NYSE
tx_0003308,2025-06-17 10:01:08,NFLX,498.24,790.0,buy,NASDAQ
tx_0005687,2025-06-17 10:01:09,AMZN,3534.97,778.0,buy,NASDAQ
tx_0005896,2025-06-17 10:01:09,AAPL,153.86,841.0,buy,NASDAQ
tx_0000605,2025-06-17 10:01:11,JNJ,172.29,784.0,buy,NYSE
tx_0006725,2025-06-17 10:01:16,FB,331.89,489.0,buy,NASDAQ
tx_0004227,2025-06-17 10:01:18,FB,333.51,745.0,sell,NASDAQ
tx_0007385,2025-06-17 10:01:21,AMZN,3557.98,957.0,sell,NASDAQ
tx_0006839,2025-06-17 10:01:25,GOOGL,2808.1,10.0,sell,NASDAQ
tx_0000761,2025-06-17 10:01:31,ADBE,603.89,146.0,buy,NASDAQ
tx_0004724,2025-06-17 10:01:34,FB,333.41,977.0,sell,NASDAQ
tx_0005969,2025-06-17 10:01:38,AMZN,3503.43,814.0,buy,NASDAQ
tx_0005093,2025-06-17 10:01:39,PEP,148.81,955.0,sell,NYSE
tx_0005137,2025-06-17 10:01:40,MA,347.31,822.0,buy,NYSE
tx_0009562,2025-06-17 10:01:40,MSFT,290.39,742.0,sell,NASDAQ
tx_0008476,2025-06-17 10:01:42,MA,346.75,976.0,buy,NYSE
tx_0000496,2025-06-17 10:01:43,GOOGL,2851.96,559.0,buy,NASDAQ
tx_0008812,2025-06-17 10:01:44,MCD,253.33,634.0,sell,NYSE
tx_0007683,2025-06-17 10:01:45,PEP,150.16,390.0,buy,NYSE
tx_0007235,2025-06-17 10:01:49,FB,333.89,910.0,buy,NASDAQ
tx_0004836,2025-06-17 10:01:52,GOOGL,2817.58,477.0,sell,NASDAQ
tx_0008528,2025-06-17 10:01:54,BRK.B,275.63,694.0,sell,NYSE
tx_0005556,2025-06-17 10:01:56,GOOGL,2819.25,156.0,buy,NASDAQ
tx_0008422,2025-06-17 10:02:03,PG,141.17,14.0,sell,NYSE
tx_0006568,2025-06-17 10:02:06,MCD,253.16,725.0,sell,NYSE
tx_0000675,2025-06-17 10:02:08,NVDA,200.57,327.0,buy,NASDAQ
tx_0008774,2025-06-17 10:02:08,DIS,176.21,216.0,sell,NYSE
tx_0001983,2025-06-17 10:02:11,AAPL,153.4,967.0,buy,NASDAQ
tx_0005061,2025-06-17 10:02:13,AAPL,153.29,116.0,buy,NASDAQ
tx_0005316,2025-06-17 10:02:17,AMZN,3517.18,502.0,sell,NASDAQ
tx_0003052,2025-06-17 10:02:17,MSFT,291.97,50.0,sell,NASDAQ
tx_0006499,2025-06-17 10:02:18,MA,349.48,986.0,sell,NYSE
tx_0009873,2025-06-17 10:02:20,MCD,256.47,635.0,sell,NYSE
tx_0002591,2025-06-17 10:02:20,MCD,256.36,895.0,sell,NYSE
tx_0008738,2025-06-17 10:02:25,MA,346.04,129.0,sell,NYSE
tx_0006244,2025-06-17 10:02:30,NVDA,198.2,264.0,,NASDAQ
tx_0008081,2025-06-17 10:02:33,KO,57.65,874.0,sell,NYSE
tx_0002243,2025-06-17 10:02:35,PEP,148.4,468.0,buy,NYSE
tx_0006129,2025-06-17 10:02:35,NVDA,200.51,939.0,sell,NASDAQ
tx_0003531,2025-06-17 10:02:36,MSFT,287.33,544.0,buy,NASDAQ
tx_0008449,2025-06-17 10:02:38,NFLX,499.78,514.0,,NASDAQ
tx_0009226,2025-06-17 10:02:38,KO,57.79,582.0,buy,NYSE
tx_0006299,2025-06-17 10:02:41,PG,143.06,965.0,sell,NYSE
tx_0007812,2025-06-17 10:02:42,MA,342.55,948.0,sell,NYSE
tx_0009130,2025-06-17 10:02:51,GOOGL,2795.58,198.0,sell,NASDAQ
tx_0007853,2025-06-17 10:02:53,AMZN,3544.69,914.0,sell,NASDAQ
tx_0008939,2025-06-17 10:02:55,ADBE,606.55,638.0,sell,NASDAQ
tx_0001261,2025-06-17 10:03:04,MA,344.83,626.0,buy,NYSE
tx_0003869,2025-06-17 10:03:05,PEP,148.04,887.0,sell,NYSE
tx_0008047,2025-06-17 10:03:08,KO,57.4,10.0,buy,NYSE
tx_0004030,2025-06-17 10:03:16,PEP,148.27,746.0,sell,NYSE
tx_0000099,2025-06-17 10:03:18,BRK.B,278.48,,sell,NYSE
tx_0007390,2025-06-17 10:03:21,FB,333.21,652.0,sell,NASDAQ
tx_0008125,2025-06-17 10:03:23,PEP,148.68,771.0,buy,NYSE
tx_0006297,2025-06-17 10:03:24,PYPL,243.15,671.0,sell,NASDAQ
tx_0004788,2025-06-17 10:03:24,NVDA,198.22,575.0,buy,NASDAQ
tx_0008450,2025-06-17 10:03:24,AMZN,3500.17,653.0,sell,NASDAQ
tx_0005114,2025-06-17 10:03:26,JNJ,170.33,888.0,sell,NYSE
tx_0006822,2025-06-17 10:03:27,PG,142.41,,buy,NYSE
tx_0000142,2025-06-17 10:03:32,V,221.29,119.0,buy,NYSE
tx_0003845,2025-06-17 10:03:35,JNJ,169.68,394.0,buy,NYSE
tx_0009466,2025-06-17 10:03:40,KO,57.59,867.0,sell,NYSE
tx_0008455,2025-06-17 10:03:43,ADBE,598.0,999.0,sell,NASDAQ
tx_0005746,2025-06-17 10:03:45,NVDA,200.92,265.0,buy,NASDAQ
tx_0003416,2025-06-17 10:03:45,AAPL,152.47,844.0,buy,NASDAQ
tx_0008625,2025-06-17 10:03:49,MSFT,286.47,912.0,buy,NASDAQ
tx_0007603,2025-06-17 10:03:51,PYPL,244.91,898.0,sell,NASDAQ
tx_0000758,2025-06-17 10:03:54,FB,334.24,981.0,buy,NASDAQ
tx_0004781,2025-06-17 10:04:01,PEP,149.54,837.0,buy,NYSE
tx_0004470,2025-06-17 10:04:04,FB,335.7,972.0,sell,NASDAQ
tx_0008901,2025-06-17 10:04:08,MCD,256.52,645.0,sell,NYSE
tx_0003989,2025-06-17 10:04:08,MCD,254.79,56.0,buy,NYSE
tx_0000167,2025-06-17 10:04:09,MCD,258.27,945.0,buy,NYSE
tx_0004219,2025-06-17 10:04:10,BRK.B,276.53,770.0,buy,NYSE
tx_0005910,2025-06-17 10:04:13,JNJ,171.28,554.0,sell,NYSE
tx_0001916,2025-06-17 10:04:19,ADBE,601.59,904.0,buy,
tx_0005154,2025-06-17 10:04:20,MCD,258.28,148.0,sell,NYSE
tx_0005978,2025-06-17 10:04:22,PEP,147.95,581.0,buy,NYSE
tx_0002329,2025-06-17 10:04:23,MA,344.32,52.0,sell,NYSE
tx_0007057,2025-06-17 10:04:26,NFLX,493.51,996.0,buy,NASDAQ
tx_0000319,2025-06-17 10:04:29,ADBE,597.93,240.0,buy,NASDAQ
tx_0001328,2025-06-17 10:04:30,NVDA,,569.0,buy,NASDAQ
tx_0005165,2025-06-17 10:04:34,WMT,142.99,940.0,sell,NYSE
tx_0000632,2025-06-17 10:04:35,NFLX,503.52,538.0,sell,NASDAQ
tx_0001019,2025-06-17 10:04:36,AAPL,150.42,369.0,sell,NASDAQ
tx_0003362,2025-06-17 10:04:36,JNJ,171.46,291.0,sell,NYSE
tx_0009837,2025-06-17 10:04:42,MA,347.93,527.0,sell,NYSE
tx_0000845,2025-06-17 10:04:43,FB,332.27,697.0,buy,NASDAQ
tx_0007117,2025-06-17 10:04:51,TSLA,699.93,539.0,buy,NASDAQ
tx_0007252,2025-06-17 10:04:55,MA,349.19,214.0,sell,NYSE
tx_0008873,2025-06-17 10:04:56,BRK.B,274.97,599.0,buy,NYSE
tx_0003455,2025-06-17 10:04:57,BRK.B,275.88,898.0,buy,NYSE
tx_0004243,2025-06-17 10:05:01,V,220.93,136.0,buy,NYSE
tx_0004110,2025-06-17 10:05:02,PYPL,244.15,,buy,NASDAQ
tx_0003467,2025-06-17 10:05:02,ADBE,598.23,706.0,sell,NASDAQ
tx_0001195,2025-06-17 10:05:04,NVDA,201.67,309.0,sell,NASDAQ
tx_0001292,2025-06-17 10:05:04,TSLA,706.3,769.0,sell,NASDAQ
tx_0003977,2025-06-17 10:05:07,PYPL,245.81,566.0,buy,NASDAQ
tx_0000808,2025-06-17 10:05:10,PYPL,243.62,337.0,buy,NASDAQ
tx_0003168,2025-06-17 10:05:10,KO,58.34,740.0,sell,NYSE
tx_0003965,2025-06-17 10:05:13,ADBE,595.69,172.0,buy,NASDAQ
tx_0001959,2025-06-17 10:05:16,JNJ,171.63,708.0,sell,NYSE
tx_0002860,2025-06-17 10:05:21,KO,57.36,266.0,sell,NYSE
tx_0000702,2025-06-17 10:05:25,NFLX,494.94,691.0,sell,NASDAQ
tx_0002869,2025-06-17 10:05:25,PG,142.96,537.0,sell,NYSE
tx_0003545,2025-06-17 10:05:28,DIS,174.46,954.0,buy,NYSE
tx_0003704,2025-06-17 10:05:35,MA,346.11,643.0,buy,NYSE
tx_0003074,2025-06-17 10:05:35,JNJ,173.27,748.0,sell,NYSE
tx_0002441,2025-06-17 10:05:40,MCD,257.42,607.0,sell,NYSE
tx_0001822,2025-06-17 10:05:41,GOOGL,2795.72,243.0,sell,NASDAQ
tx_0005405,2025-06-17 10:05:41,ADBE,609.95,441.0,sell,NASDAQ
tx_0009308,2025-06-17 10:05:43,ADBE,604.09,32.0,sell,NASDAQ
tx_0002116,2025-06-17 10:05:44,FB,335.05,416.0,sell,NASDAQ
tx_0004987,2025-06-17 10:05:49,DIS,175.4,638.0,buy,NYSE
tx_0008608,2025-06-17 10:05:50,TSLA,708.04,92.0,buy,NASDAQ
tx_0004316,2025-06-17 10:05:55,V,220.0,344.0,sell,NYSE
tx_0009286,2025-06-17 10:05:56,NFLX,497.55,533.0,buy,NASDAQ
tx_0007813,2025-06-17 10:06:03,V,222.18,122.0,sell,NYSE
tx_0004070,2025-06-17 10:06:06,BRK.B,273.47,356.0,sell,NYSE
tx_0008607,2025-06-17 10:06:07,MCD,256.75,601.0,buy,NYSE
tx_0007679,2025-06-17 10:06:10,PYPL,243.13,890.0,sell,
tx_0009846,2025-06-17 10:06:10,AAPL,153.35,446.0,buy,NASDAQ
tx_0004416,2025-06-17 10:06:11,PYPL,245.7,219.0,sell,NASDAQ
tx_0002789,2025-06-17 10:06:15,TSLA,699.2,9.0,sell,NASDAQ
tx_0005635,2025-06-17 10:06:17,PG,142.19,121.0,buy,NYSE
tx_0000593,2025-06-17 10:06:20,V,222.3,925.0,buy,NYSE
tx_0004211,2025-06-17 10:06:21,V,221.01,523.0,sell,NYSE
tx_0000019,2025-06-17 10:06:21,PG,141.85,322.0,sell,NYSE
tx_0009969,2025-06-17 10:06:22,JNJ,172.89,12.0,buy,NYSE
tx_0000648,2025-06-17 10:06:25,ADBE,609.08,945.0,buy,NASDAQ
tx_0005742,2025-06-17 10:06:25,PYPL,246.42,490.0,buy,NASDAQ
tx_0003982,2025-06-17 10:06:27,PYPL,244.83,937.0,sell,NASDAQ
tx_0008384,2025-06-17 10:06:31,PEP,149.74,842.0,buy,NYSE
tx_0001555,2025-06-17 10:06:33,AAPL,150.65,864.0,buy,NASDAQ
tx_0008118,2025-06-17 10:06:34,PEP,151.98,198.0,sell,NYSE
tx_0009669,2025-06-17 10:06:35,WMT,143.97,543.0,buy,NYSE
tx_0005815,2025-06-17 10:06:36,KO,57.85,630.0,sell,NYSE
tx_0000581,2025-06-17 10:06:37,WMT,142.41,352.0,buy,NYSE
tx_0006939,2025-06-17 10:06:37,WMT,143.01,496.0,buy,NYSE
tx_0004264,2025-06-17 10:06:40,WMT,142.09,957.0,sell,NYSE
tx_0000579,2025-06-17 10:06:41,ADBE,608.19,212.0,buy,NASDAQ
tx_0003827,2025-06-17 10:06:46,GOOGL,2829.21,197.0,buy,NASDAQ
tx_0000213,2025-06-17 10:06:48,MA,343.53,835.0,buy,
tx_0003745,2025-06-17 10:06:50,DIS,175.74,124.0,buy,NYSE
tx_0004953,2025-06-17 10:06:50,PYPL,242.03,908.0,buy,NASDAQ
tx_0004640,2025-06-17 10:06:54,ADBE,599.08,686.0,buy,NASDAQ
tx_0001165,2025-06-17 10:06:56,GOOGL,2845.89,947.0,sell,NASDAQ
tx_0009908,2025-06-17 10:06:58,MSFT,,20.0,buy,NASDAQ
tx_0003384,2025-06-17 10:06:58,GOOGL,2806.55,987.0,buy,NASDAQ
tx_0000759,2025-06-17 10:06:59,AMZN,3579.77,565.0,sell,NASDAQ
tx_0007516,2025-06-17 10:07:01,V,220.36,835.0,sell,NYSE
tx_0004621,2025-06-17 10:07:10,MCD,253.03,309.0,sell,NYSE
tx_0007644,2025-06-17 10:07:12,GOOGL,2832.54,106.0,buy,NASDAQ
tx_0009287,2025-06-17 10:07:19,FB,333.9,959.0,buy,NASDAQ
tx_0000177,2025-06-17 10:07:20,FB,334.63,454.0,buy,NASDAQ
tx_0001561,2025-06-17 10:07:22,PEP,151.79,577.0,buy,NYSE
tx_0005015,2025-06-17 10:07:22,NVDA,198.05,803.0,buy,NASDAQ
tx_0007719,2025-06-17 10:07:27,GOOGL,2791.09,623.0,sell,NASDAQ
tx_0005224,2025-06-17 10:07:33,PEP,151.64,26.0,buy,NYSE
tx_0008571,2025-06-17 10:07:34,ADBE,603.2,34.0,buy,NASDAQ
tx_0003610,2025-06-17 10:07:35,GOOGL,2831.65,96.0,sell,NASDAQ
tx_0007215,2025-06-17 10:07:38,PYPL,245.3,306.0,buy,NASDAQ
tx_0002095,2025-06-17 10:07:44,ADBE,605.53,921.0,buy,NASDAQ
tx_0007753,2025-06-17 10:07:44,GOOGL,2819.66,323.0,buy,NASDAQ
tx_0001741,2025-06-17 10:07:45,DIS,173.86,304.0,buy,NYSE
tx_0005980,2025-06-17 10:07:46,NVDA,200.67,412.0,buy,NASDAQ
tx_0003895,2025-06-17 10:07:50,MSFT,289.54,786.0,buy,NASDAQ
tx_0002698,2025-06-17 10:07:51,GOOGL,2812.97,484.0,buy,NASDAQ
tx_0004994,2025-06-17 10:07:54,V,222.16,868.0,buy,NYSE
tx_0004696,2025-06-17 10:07:57,MSFT,290.24,703.0,buy,NASDAQ
tx_0002348,2025-06-17 10:07:57,NFLX,497.88,180.0,sell,NASDAQ
tx_0006855,2025-06-17 10:07:59,WMT,143.73,485.0,sell,NYSE
tx_0004958,2025-06-17 10:08:01,AAPL,150.14,265.0,buy,NASDAQ
tx_0002413,2025-06-17 10:08:01,DIS,175.52,180.0,sell,NYSE
tx_0009658,2025-06-17 10:08:02,TSLA,710.63,714.0,sell,NASDAQ
tx_0000817,2025-06-17 10:08:06,MSFT,287.58,187.0,buy,NASDAQ
tx_0001876,2025-06-17 10:08:08,MCD,253.97,466.0,buy,NYSE
tx_0001939,2025-06-17 10:08:09,KO,57.98,855.0,buy,NYSE
tx_0008458,2025-06-17 10:08:12,MA,348.33,587.0,sell,NYSE
tx_0001735,2025-06-17 10:08:16,AMZN,3563.96,539.0,sell,NASDAQ
tx_0001794,2025-06-17 10:08:19,FB,336.77,432.0,sell,NASDAQ
tx_0007152,2025-06-17 10:08:20,BRK.B,274.95,129.0,sell,NYSE
tx_0004799,2025-06-17 10:08:23,FB,334.54,768.0,sell,NASDAQ
tx_0006368,2025-06-17 10:08:24,AMZN,3562.06,698.0,buy,NASDAQ
tx_0002252,2025-06-17 10:08:25,KO,57.98,751.0,sell,NYSE
tx_0002123,2025-06-17 10:08:25,TSLA,706.72,186.0,sell,NASDAQ
tx_0002514,2025-06-17 10:08:26,KO,58.05,852.0,sell,NYSE
tx_0009787,2025-06-17 10:08:28,PYPL,245.34,334.0,buy,NASDAQ
tx_0003403,2025-06-17 10:08:28,MSFT,286.43,318.0,buy,NASDAQ
tx_0009304,2025-06-17 10:08:29,TSLA,714.92,619.0,sell,NASDAQ
tx_0009799,2025-06-17 10:08:30,KO,57.93,762.0,sell,NYSE
tx_0008519,2025-06-17 10:08:32,PG,140.47,822.0,buy,NYSE
tx_0000159,2025-06-17 10:08:42,JNJ,173.86,104.0,sell,NYSE
tx_0006374,2025-06-17 10:08:43,BRK.B,275.32,352.0,buy,NYSE
tx_0004687,2025-06-17 10:08:47,MSFT,291.15,987.0,buy,NASDAQ
tx_0005201,2025-06-17 10:08:50,BRK.B,276.46,161.0,buy,NYSE
tx_0004289,2025-06-17 10:08:55,V,223.12,391.0,buy,NYSE
tx_0001656,2025-06-17 10:08:57,TSLA,711.54,188.0,sell,NASDAQ
tx_0009128,2025-06-17 10:08:58,DIS,175.44,32.0,sell,NYSE
tx_0001901,2025-06-17 10:09:00,GOOGL,2806.84,531.0,buy,NASDAQ
tx_0009527,2025-06-17 10:09:03,PEP,152.21,821.0,buy,NYSE
tx_0000541,2025-06-17 10:09:03,NFLX,496.57,738.0,buy,NASDAQ
tx_0008363,2025-06-17 10:09:04,PYPL,243.82,819.0,buy,NASDAQ
tx_0003679,2025-06-17 10:09:07,KO,,65.0,sell,NYSE
tx_0003506,2025-06-17 10:09:08,WMT,142.33,564.0,buy,NYSE
tx_0008636,2025-06-17 10:09:10,BRK.B,273.68,92.0,buy,NYSE
tx_0001035,2025-06-17 10:09:10,AAPL,150.15,174.0,sell,NASDAQ
tx_0001488,2025-06-17 10:09:11,GOOGL,2839.58,771.0,buy,NASDAQ
tx_0009077,2025-06-17 10:09:12,NFLX,492.26,208.0,sell,NASDAQ
tx_0007356,2025-06-17 10:09:14,DIS,174.5,294.0,buy,NYSE
tx_0006989,2025-06-17 10:09:14,GOOGL,2813.8,131.0,buy,NASDAQ
tx_0006777,2025-06-17 10:09:18,WMT,143.31,867.0,buy,NYSE
tx_0009493,2025-06-17 10:09:22,GOOGL,2799.41,405.0,buy,NASDAQ
tx_0009917,2025-06-17 10:09:22,JNJ,172.83,907.0,buy,NYSE
tx_0008262,2025-06-17 10:09:24,PEP,149.91,515.0,sell,NYSE
tx_0004080,2025-06-17 10:09:25,PEP,151.33,111.0,sell,NYSE
tx_0009167,2025-06-17 10:09:25,NVDA,198.78,148.0,sell,NASDAQ
tx_0005177,2025-06-17 10:09:26,MSFT,287.41,634.0,sell,NASDAQ
tx_0002107,2025-06-17 10:09:30,MA,345.05,67.0,buy,NYSE
tx_0005307,2025-06-17 10:09:34,ADBE,604.83,687.0,sell,NASDAQ
tx_0006443,2025-06-17 10:09:34,ADBE,607.8,697.0,sell,NASDAQ
tx_0001602,2025-06-17 10:09:34,PEP,153.51,128.0,buy,NYSE
tx_0002400,2025-06-17 10:09:37,PEP,152.62,824.0,buy,NYSE
tx_0009864,2025-06-17 10:09:39,KO,57.47,772.0,buy,NYSE
tx_0002320,2025-06-17 10:09:39,AAPL,150.26,319.0,buy,NASDAQ
tx_0000412,2025-06-17 10:09:43,AMZN,3551.15,281.0,sell,NASDAQ
tx_0005426,2025-06-17 10:09:47,NVDA,199.22,958.0,buy,NASDAQ
tx_0003336,2025-06-17 10:09:47,NFLX,498.82,865.0,sell,NASDAQ
tx_0000533,2025-06-17 10:09:50,V,219.62,447.0,sell,NYSE
tx_0001043,2025-06-17 10:09:54,NVDA,201.45,816.0,sell,NASDAQ
tx_0007144,2025-06-17 10:09:55,BRK.B,277.32,134.0,sell,NYSE
tx_0008959,2025-06-17 10:10:02,BRK.B,277.99,578.0,buy,NYSE
tx_0003527,2025-06-17 10:10:04,MA,347.11,273.0,buy,NYSE
tx_0001575,2025-06-17 10:10:07,WMT,142.24,498.0,buy,NYSE
tx_0002451,2025-06-17 10:10:09,MA,347.15,876.0,sell,NYSE
tx_0001599,2025-06-17 10:10:11,NVDA,201.58,695.0,sell,NASDAQ
tx_0006703,2025-06-17 10:10:13,NVDA,201.14,986.0,buy,NASDAQ
tx_0000268,2025-06-17 10:10:15,DIS,173.78,750.0,sell,NYSE
tx_0008537,2025-06-17 10:10:16,TSLA,710.31,406.0,sell,NASDAQ
tx_0008320,2025-06-17 10:10:20,NVDA,200.16,877.0,buy,NASDAQ
tx_0004821,2025-06-17 10:10:22,KO,58.04,698.0,sell,NYSE
tx_0009147,2025-06-17 10:10:26,MSFT,293.55,989.0,buy,NASDAQ
tx_0002142,2025-06-17 10:10:28,JNJ,172.07,3.0,buy,NYSE
tx_0005779,2025-06-17 10:10:28,WMT,143.92,836.0,buy,NYSE
tx_0006911,2025-06-17 10:10:34,AAPL,151.62,263.0,buy,NASDAQ
tx_0009721,2025-06-17 10:10:37,PEP,151.45,50.0,sell,NYSE
tx_0005376,2025-06-17 10:10:39,JNJ,172.69,405.0,sell,NYSE
tx_0008170,2025-06-17 10:10:39,NVDA,200.18,881.0,sell,NASDAQ
tx_0005141,2025-06-17 10:10:42,AAPL,151.89,242.0,sell,NASDAQ
tx_0005665,2025-06-17 10:10:44,V,221.22,774.0,buy,NYSE
tx_0005584,2025-06-17 10:10:46,BRK.B,277.41,646.0,buy,NYSE
tx_0002687,2025-06-17 10:10:48,AAPL,150.55,755.0,sell,NASDAQ
tx_0006553,2025-06-17 10:10:49,FB,335.01,442.0,buy,NASDAQ
tx_0003727,2025-06-17 10:10:50,WMT,142.48,216.0,buy,NYSE
tx_0002358,2025-06-17 10:10:56,GOOGL,2830.69,140.0,buy,NASDAQ
tx_0001774,2025-06-17 10:10:57,FB,332.24,713.0,buy,NASDAQ
tx_0006193,2025-06-17 10:11:04,TSLA,699.9,199.0,sell,NASDAQ
tx_0008990,2025-06-17 10:11:04,NVDA,200.59,550.0,sell,NASDAQ
tx_0009421,2025-06-17 10:11:15,NFLX,494.33,344.0,sell,NASDAQ
tx_0001221,2025-06-17 10:11:21,JNJ,173.45,65.0,sell,NYSE
tx_0003619,2025-06-17 10:11:23,MA,346.13,170.0,buy,NYSE
tx_0002034,2025-06-17 10:11:26,ADBE,600.7,483.0,buy,NASDAQ
tx_0005659,2025-06-17 10:11:28,JNJ,171.2,999.0,sell,NYSE
tx_0002063,2025-06-17 10:11:29,MCD,253.96,238.0,buy,NYSE
tx_0009213,2025-06-17 10:11:30,DIS,172.92,362.0,sell,NYSE
tx_0001953,2025-06-17 10:11:34,DIS,173.96,47.0,sell,NYSE
tx_0004006,2025-06-17 10:11:34,KO,57.41,97.0,sell,NYSE
tx_0003266,2025-06-17 10:11:35,WMT,144.18,244.0,sell,NYSE
tx_0009749,2025-06-17 10:11:35,WMT,142.5,837.0,buy,NYSE
tx_0002039,2025-06-17 10:11:36,TSLA,706.77,71.0,buy,NASDAQ
tx_0003001,2025-06-17 10:11:39,WMT,142.45,784.0,buy,NYSE
tx_0007417,2025-06-17 10:11:40,NVDA,199.29,967.0,buy,NASDAQ
tx_0005708,2025-06-17 10:11:41,DIS,173.31,179.0,buy,NYSE
tx_0008905,2025-06-17 10:11:47,GOOGL,2815.9,145.0,buy,NASDAQ
tx_0000291,2025-06-17 10:11:48,TSLA,712.58,455.0,sell,NASDAQ
tx_0005723,2025-06-17 10:11:50,MCD,252.75,788.0,buy,NYSE
tx_0009460,2025-06-17 10:11:53,ADBE,603.3,503.0,buy,NASDAQ
tx_0003838,2025-06-17 10:11:56,KO,57.61,473.0,sell,NYSE
tx_0001586,2025-06-17 10:12:00,WMT,143.46,520.0,sell,NYSE
tx_0007278,2025-06-17 10:12:04,BRK.B,274.97,11.0,sell,NYSE
tx_0004005,2025-06-17 10:12:05,MA,346.74,808.0,buy,NYSE
tx_0004811,2025-06-17 10:12:06,ADBE,604.93,839.0,buy,NASDAQ
tx_0007109,2025-06-17 10:12:07,MCD,253.27,776.0,sell,NYSE
tx_0007648,2025-06-17 10:12:08,BRK.B,276.94,715.0,sell,NYSE
tx_0000339,2025-06-17 10:12:08,V,223.18,907.0,buy,NYSE
tx_0000321,2025-06-17 10:12:09,AMZN,3581.87,707.0,buy,NASDAQ
tx_0005747,2025-06-17 10:12:10,MSFT,291.8,644.0,sell,NASDAQ
tx_0006677,2025-06-17 10:12:17,BRK.B,277.58,319.0,buy,NYSE
tx_0007586,2025-06-17 10:12:17,PEP,151.56,530.0,buy,NYSE
tx_0008913,2025-06-17 10:12:20,TSLA,709.96,156.0,buy,NASDAQ
tx_0005135,2025-06-17 10:12:27,MCD,256.92,985.0,sell,NYSE
tx_0000629,2025-06-17 10:12:29,BRK.B,277.32,283.0,sell,NYSE
tx_0008844,2025-06-17 10:12:33,FB,332.62,775.0,buy,NASDAQ
tx_0000308,2025-06-17 10:12:35,PYPL,247.91,368.0,sell,NASDAQ
tx_0002344,2025-06-17 10:12:35,MA,345.45,168.0,buy,NYSE
tx_0009364,2025-06-17 10:12:36,PEP,151.61,674.0,sell,NYSE
tx_0002964,2025-06-17 10:12:37,NFLX,493.61,28.0,sell,NASDAQ
tx_0001793,2025-06-17 10:12:38,V,222.61,964.0,sell,NYSE
tx_0004249,2025-06-17 10:12:41,V,221.87,195.0,buy,NYSE
tx_0004771,2025-06-17 10:12:45,MSFT,293.62,290.0,sell,NASDAQ
tx_0007381,2025-06-17 10:12:47,DIS,174.2,337.0,sell,NYSE
tx_0005100,2025-06-17 10:12:48,MA,346.37,2.0,buy,NYSE
tx_0000452,2025-06-17 10:12:49,V,223.45,542.0,buy,NYSE
tx_0006520,2025-06-17 10:12:55,KO,57.92,921.0,sell,NYSE
tx_0001594,2025-06-17 10:12:58,PG,,973.0,sell,NYSE
tx_0007714,2025-06-17 10:13:03,DIS,174.39,410.0,buy,NYSE
tx_0000906,2025-06-17 10:13:08,MCD,257.65,912.0,buy,NYSE
tx_0004923,2025-06-17 10:13:15,MSFT,294.47,468.0,buy,NASDAQ
tx_0009942,2025-06-17 10:13:19,DIS,174.37,744.0,buy,NYSE
tx_0006043,2025-06-17 10:13:20,AAPL,151.95,691.0,sell,NASDAQ
tx_0008590,2025-06-17 10:13:20,TSLA,700.1,69.0,sell,NASDAQ
tx_0003033,2025-06-17 10:13:22,MCD,257.28,669.0,buy,NYSE
tx_0006573,2025-06-17 10:13:22,MA,349.83,19.0,sell,NYSE
tx_0002926,2025-06-17 10:13:23,ADBE,606.58,681.0,buy,NASDAQ
tx_0001008,2025-06-17 10:13:28,WMT,143.09,689.0,sell,NYSE
tx_0007463,2025-06-17 10:13:29,NVDA,200.4,355.0,sell,NASDAQ
tx_0005370,2025-06-17 10:13:31,PYPL,244.47,344.0,sell,NASDAQ
tx_0008533,2025-06-17 10:13:34,DIS,173.52,184.0,sell,NYSE
tx_0003814,2025-06-17 10:13:35,MSFT,,279.0,,NASDAQ
tx_0008382,2025-06-17 10:13:40,PYPL,245.11,607.0,sell,NASDAQ
tx_0008907,2025-06-17 10:13:44,DIS,172.19,510.0,sell,NYSE
tx_0000176,2025-06-17 10:13:49,DIS,174.39,370.0,buy,NYSE
tx_0005569,2025-06-17 10:13:49,BRK.B,275.82,112.0,buy,NYSE
tx_0005418,2025-06-17 10:13:50,TSLA,709.75,447.0,sell,NASDAQ
tx_0005760,2025-06-17 10:13:51,MSFT,294.8,254.0,sell,NASDAQ
tx_0000994,2025-06-17 10:13:52,PEP,153.47,600.0,sell,NYSE
tx_0006399,2025-06-17 10:13:52,PEP,150.74,920.0,sell,NYSE
tx_0002633,2025-06-17 10:13:56,ADBE,596.35,213.0,sell,NASDAQ
tx_0000012,2025-06-17 10:14:00,PG,142.33,49.0,buy,NYSE
tx_0005122,2025-06-17 10:14:15,PEP,150.66,779.0,sell,NYSE
tx_0000754,2025-06-17 10:14:16,NVDA,197.14,658.0,sell,NASDAQ
tx_0008344,2025-06-17 10:14:22,DIS,172.6,904.0,sell,NYSE
tx_0003734,2025-06-17 10:14:27,WMT,143.53,453.0,buy,NYSE
tx_0001514,2025-06-17 10:14:32,GOOGL,2831.51,390.0,sell,NASDAQ
tx_0006030,2025-06-17 10:14:35,FB,334.36,906.0,buy,NASDAQ
tx_0006754,2025-06-17 10:14:39,KO,57.8,633.0,buy,NYSE
tx_0005175,2025-06-17 10:14:42,MSFT,292.71,851.0,buy,NASDAQ
tx_0004431,2025-06-17 10:14:47,BRK.B,275.89,38.0,buy,NYSE
tx_0000006,2025-06-17 10:14:47,V,220.21,865.0,buy,NYSE
tx_0000948,2025-06-17 10:14:51,TSLA,703.16,779.0,buy,NASDAQ
tx_0002033,2025-06-17 10:14:51,MA,347.18,653.0,buy,NYSE
tx_0005388,2025-06-17 10:14:53,KO,57.37,413.0,buy,NYSE
tx_0001955,2025-06-17 10:14:56,MCD,255.31,433.0,sell,NYSE
tx_0004344,2025-06-17 10:14:58,MSFT,291.89,477.0,buy,NASDAQ
tx_0008012,2025-06-17 10:15:00,MA,349.02,832.0,sell,NYSE
tx_0001898,2025-06-17 10:15:02,PEP,153.54,377.0,buy,NYSE
tx_0009278,2025-06-17 10:15:03,NFLX,496.32,235.0,buy,NASDAQ
tx_0000509,2025-06-17 10:15:05,MCD,254.4,145.0,sell,NYSE
tx_0005957,2025-06-17 10:15:05,GOOGL,2823.77,109.0,buy,NASDAQ
tx_0005016,2025-06-17 10:15:06,PG,141.71,902.0,buy,NYSE
tx_0002021,2025-06-17 10:15:06,PYPL,245.47,768.0,buy,NASDAQ
tx_0004681,2025-06-17 10:15:08,MA,342.68,145.0,sell,NYSE
tx_0003835,2025-06-17 10:15:09,AMZN,3559.7,395.0,sell,NASDAQ
tx_0008687,2025-06-17 10:15:11,DIS,174.8,151.0,buy,NYSE
tx_0000258,2025-06-17 10:15:12,WMT,142.31,808.0,buy,NYSE
tx_0007071,2025-06-17 10:15:16,PG,142.05,599.0,sell,NYSE
tx_0003462,2025-06-17 10:15:19,NFLX,498.08,899.0,buy,NASDAQ
tx_0005428,2025-06-17 10:15:21,MSFT,292.17,173.0,buy,NASDAQ
tx_0000540,2025-06-17 10:15:22,JNJ,172.35,814.0,sell,NYSE
tx_0007820,2025-06-17 10:15:27,FB,333.57,24.0,sell,NASDAQ
tx_0006005,2025-06-17 10:15:39,AMZN,3560.08,148.0,sell,NASDAQ
tx_0001274,2025-06-17 10:15:40,MCD,255.44,249.0,sell,NYSE
tx_0001487,2025-06-17 10:15:44,PEP,153.25,361.0,buy,NYSE
tx_0003216,2025-06-17 10:15:46,TSLA,707.69,368.0,sell,NASDAQ
tx_0009971,2025-06-17 10:15:46,JNJ,174.49,433.0,sell,NYSE
tx_0008144,2025-06-17 10:15:48,WMT,144.17,278.0,buy,NYSE
tx_0001682,2025-06-17 10:15:50,MA,348.53,745.0,sell,NYSE
tx_0000101,2025-06-17 10:15:52,DIS,173.87,,sell,NYSE
tx_0002956,2025-06-17 10:15:54,PG,142.49,110.0,sell,NYSE
tx_0007437,2025-06-17 10:15:55,MCD,253.55,281.0,sell,NYSE
tx_0007905,2025-06-17 10:15:56,AMZN,3577.01,530.0,sell,NASDAQ
tx_0007138,2025-06-17 10:16:00,MSFT,287.7,293.0,sell,NASDAQ
tx_0000871,2025-06-17 10:16:01,WMT,143.27,648.0,buy,
tx_0001736,2025-06-17 10:16:01,DIS,174.42,941.0,sell,
tx_0004372,2025-06-17 10:16:04,KO,57.46,208.0,sell,NYSE
tx_0000422,2025-06-17 10:16:05,V,223.16,641.0,buy,NYSE
tx_0008149,2025-06-17 10:16:06,PG,140.16,329.0,buy,NYSE
tx_0005488,2025-06-17 10:16:09,MCD,255.67,292.0,buy,NYSE
tx_0006995,2025-06-17 10:16:12,GOOGL,2848.58,29.0,sell,NASDAQ
tx_0003882,2025-06-17 10:16:13,AMZN,3598.18,454.0,buy,NASDAQ
tx_0007862,2025-06-17 10:16:15,MA,346.82,837.0,buy,NYSE
tx_0008848,2025-06-17 10:16:24,MCD,253.83,674.0,buy,NYSE
tx_0008403,2025-06-17 10:16:24,AAPL,151.48,940.0,sell,NASDAQ
tx_0009599,2025-06-17 10:16:27,DIS,172.97,418.0,sell,NYSE
tx_0001956,2025-06-17 10:16:28,KO,57.05,371.0,buy,NYSE
tx_0006525,2025-06-17 10:16:29,KO,57.91,165.0,sell,NYSE
tx_0000982,2025-06-17 10:16:31,MCD,253.91,278.0,sell,NYSE
tx_0003990,2025-06-17 10:16:31,JNJ,171.84,441.0,buy,NYSE
tx_0004740,2025-06-17 10:16:33,TSLA,709.55,548.0,sell,NASDAQ
tx_0003233,2025-06-17 10:16:35,AMZN,3558.32,504.0,sell,NASDAQ
tx_0003529,2025-06-17 10:16:36,NVDA,200.1,191.0,sell,NASDAQ
tx_0006539,2025-06-17 10:16:40,AMZN,3587.71,50.0,sell,NASDAQ
tx_0004190,2025-06-17 10:16:42,V,221.95,897.0,sell,NYSE
tx_0003488,2025-06-17 10:16:46,TSLA,705.75,268.0,buy,NASDAQ
tx_0007602,2025-06-17 10:16:46,MSFT,287.11,532.0,buy,NASDAQ
tx_0001936,2025-06-17 10:16:49,MSFT,287.89,510.0,sell,NASDAQ
tx_0005791,2025-06-17 10:16:49,KO,57.24,490.0,buy,NYSE
tx_0005057,2025-06-17 10:16:52,NVDA,199.0,64.0,sell,NASDAQ
tx_0007943,2025-06-17 10:16:59,FB,338.25,668.0,sell,NASDAQ
tx_0008349,2025-06-17 10:17:01,PEP,154.55,964.0,buy,NYSE
tx_0006437,2025-06-17 10:17:01,PG,141.18,458.0,buy,NYSE
tx_0008810,2025-06-17 10:17:03,WMT,143.47,360.0,sell,NYSE
tx_0001179,2025-06-17 10:17:06,ADBE,601.06,728.0,sell,NASDAQ
tx_0005883,2025-06-17 10:17:10,JNJ,172.13,409.0,buy,NYSE
tx_0008611,2025-06-17 10:17:13,TSLA,717.73,64.0,buy,NASDAQ
tx_0009269,2025-06-17 10:17:17,WMT,143.13,752.0,sell,NYSE
tx_0001680,2025-06-17 10:17:25,WMT,143.95,217.0,buy,NYSE
tx_0004422,2025-06-17 10:17:25,GOOGL,2825.07,845.0,sell,NASDAQ
tx_0002674,2025-06-17 10:17:27,ADBE,602.48,718.0,sell,NASDAQ
tx_0006641,2025-06-17 10:17:30,NVDA,199.59,58.0,buy,NASDAQ
tx_0008224,2025-06-17 10:17:31,ADBE,599.81,706.0,sell,NASDAQ
tx_0007556,2025-06-17 10:17:33,FB,338.11,244.0,sell,NASDAQ
tx_0005863,2025-06-17 10:17:35,NFLX,492.44,892.0,sell,NASDAQ
tx_0004539,2025-06-17 10:17:39,PYPL,246.43,476.0,sell,NASDAQ
tx_0008721,2025-06-17 10:17:42,PEP,153.21,758.0,buy,NYSE
tx_0005788,2025-06-17 10:17:43,DIS,174.07,46.0,sell,NYSE
tx_0008891,2025-06-17 10:17:46,DIS,173.66,,buy,NYSE
tx_0007767,2025-06-17 10:17:49,GOOGL,2860.35,47.0,buy,NASDAQ
tx_0003737,2025-06-17 10:17:50,TSLA,707.25,955.0,sell,NASDAQ
tx_0005849,2025-06-17 10:17:51,AMZN,,174.0,sell,NASDAQ
tx_0004469,2025-06-17 10:17:58,AMZN,3597.09,121.0,buy,NASDAQ
tx_0008183,2025-06-17 10:18:01,NFLX,488.19,173.0,sell,NASDAQ
tx_0001952,2025-06-17 10:18:02,MSFT,287.85,138.0,buy,NASDAQ
tx_0000390,2025-06-17 10:18:02,GOOGL,2857.45,483.0,buy,NASDAQ
tx_0008605,2025-06-17 10:18:08,V,223.27,358.0,sell,NYSE
tx_0000451,2025-06-17 10:18:10,V,223.92,924.0,sell,NYSE
tx_0006802,2025-06-17 10:18:11,MA,347.76,57.0,buy,NYSE
tx_0000306,2025-06-17 10:18:13,PG,141.01,826.0,sell,NYSE
tx_0004436,2025-06-17 10:18:13,PG,140.9,517.0,sell,NYSE
tx_0000073,2025-06-17 10:18:15,DIS,173.16,858.0,sell,NYSE
tx_0003269,2025-06-17 10:18:20,GOOGL,2812.09,257.0,buy,NASDAQ
tx_0007680,2025-06-17 10:18:29,FB,338.78,911.0,buy,NASDAQ
tx_0004406,2025-06-17 10:18:30,KO,57.72,906.0,sell,NYSE
tx_0004464,2025-06-17 10:18:30,AMZN,3555.54,545.0,buy,NASDAQ
tx_0006728,2025-06-17 10:18:35,NVDA,195.78,586.0,buy,NASDAQ
tx_0005609,2025-06-17 10:18:36,NVDA,198.26,768.0,buy,NASDAQ
tx_0003526,2025-06-17 10:18:38,ADBE,594.84,28.0,buy,NASDAQ
tx_0004797,2025-06-17 10:18:39,GOOGL,2808.79,225.0,sell,NASDAQ
tx_0000021,2025-06-17 10:18:40,PYPL,246.9,782.0,buy,NASDAQ
tx_0002154,2025-06-17 10:18:40,PEP,154.27,1.0,buy,NYSE
tx_0007990,2025-06-17 10:18:45,KO,58.06,357.0,sell,NYSE
tx_0009242,2025-06-17 10:18:45,AAPL,150.78,628.0,buy,NASDAQ
tx_0003484,2025-06-17 10:18:51,GOOGL,2822.42,909.0,sell,NASDAQ
tx_0008454,2025-06-17 10:18:53,MCD,254.95,592.0,buy,NYSE
tx_0009895,2025-06-17 10:18:54,PYPL,246.19,801.0,sell,NASDAQ
tx_0007593,2025-06-17 10:18:54,DIS,173.1,467.0,buy,NYSE
tx_0000783,2025-06-17 10:18:59,MA,344.5,112.0,buy,NYSE
tx_0005627,2025-06-17 10:19:01,DIS,173.11,17.0,sell,NYSE
tx_0002759,2025-06-17 10:19:01,PYPL,245.63,229.0,buy,NASDAQ
tx_0007074,2025-06-17 10:19:01,NFLX,489.72,861.0,buy,NASDAQ
tx_0009095,2025-06-17 10:19:02,GOOGL,2850.56,822.0,buy,NASDAQ
tx_0000493,2025-06-17 10:19:02,AMZN,3545.12,33.0,buy,NASDAQ
tx_0004744,2025-06-17 10:19:03,PG,140.66,519.0,buy,NYSE
tx_0003831,2025-06-17 10:19:06,ADBE,604.4,265.0,buy,NASDAQ
tx_0001851,2025-06-17 10:19:06,MSFT,,527.0,sell,NASDAQ
tx_0000463,2025-06-17 10:19:09,PYPL,248.3,851.0,sell,NASDAQ
tx_0005219,2025-06-17 10:19:11,WMT,143.47,745.0,buy,NYSE
tx_0004977,2025-06-17 10:19:15,MSFT,286.49,282.0,buy,NASDAQ
tx_0004040,2025-06-17 10:19:17,FB,332.98,66.0,buy,NASDAQ
tx_0002140,2025-06-17 10:19:23,BRK.B,280.13,10.0,sell,NYSE
tx_0008708,2025-06-17 10:19:26,V,221.78,54.0,sell,NYSE
tx_0006019,2025-06-17 10:19:33,NVDA,196.08,763.0,buy,NASDAQ
tx_0005121,2025-06-17 10:19:37,NVDA,199.43,182.0,buy,NASDAQ
tx_0004800,2025-06-17 10:19:41,ADBE,591.93,483.0,sell,NASDAQ
tx_0002374,2025-06-17 10:19:41,JNJ,172.36,893.0,buy,NYSE
tx_0003238,2025-06-17 10:19:42,PG,139.33,243.0,sell,NYSE
tx_0000940,2025-06-17 10:19:48,MSFT,291.33,265.0,buy,NASDAQ
tx_0003182,2025-06-17 10:19:52,WMT,141.89,970.0,sell,NYSE
tx_0005327,2025-06-17 10:19:58,PG,141.64,899.0,buy,NYSE
tx_0006978,2025-06-17 10:19:59,PEP,154.56,811.0,buy,NYSE
tx_0005652,2025-06-17 10:20:02,FB,334.67,174.0,buy,NASDAQ
tx_0002279,2025-06-17 10:20:08,PYPL,245.67,368.0,buy,NASDAQ
tx_0004547,2025-06-17 10:20:09,NVDA,196.8,669.0,buy,NASDAQ
tx_0009240,2025-06-17 10:20:10,PYPL,247.57,109.0,buy,NASDAQ
tx_0003278,2025-06-17 10:20:11,AMZN,3603.44,15.0,sell,NASDAQ
tx_0006072,2025-06-17 10:20:11,MCD,257.45,573.0,sell,NYSE
tx_0006360,2025-06-17 10:20:11,MCD,257.49,576.0,buy,NYSE
tx_0001883,2025-06-17 10:20:12,TSLA,706.7,582.0,buy,NASDAQ
tx_0008119,2025-06-17 10:20:14,ADBE,598.5,164.0,sell,NASDAQ
tx_0000798,2025-06-17 10:20:23,PG,141.32,318.0,sell,NYSE
tx_0004023,2025-06-17 10:20:24,GOOGL,2841.06,247.0,buy,NASDAQ
tx_0004015,2025-06-17 10:20:25,BRK.B,,390.0,sell,NYSE
tx_0001574,2025-06-17 10:20:26,FB,336.91,888.0,sell,NASDAQ
tx_0000272,2025-06-17 10:20:26,PYPL,248.73,492.0,buy,NASDAQ
tx_0008236,2025-06-17 10:20:27,V,220.22,103.0,buy,NYSE
tx_0004868,2025-06-17 10:20:30,PEP,153.27,130.0,buy,NYSE
tx_0003002,2025-06-17 10:20:31,MCD,253.51,446.0,sell,NYSE
tx_0002138,2025-06-17 10:20:32,DIS,172.54,58.0,sell,NYSE
tx_0003712,2025-06-17 10:20:33,KO,58.59,146.0,sell,NYSE
tx_0001327,2025-06-17 10:20:39,PG,139.55,957.0,sell,NYSE
tx_0002391,2025-06-17 10:20:40,MCD,253.25,16.0,sell,NYSE
tx_0004572,2025-06-17 10:20:40,MA,,666.0,sell,NYSE
tx_0007338,2025-06-17 10:20:41,MCD,251.61,175.0,sell,NYSE
tx_0009951,2025-06-17 10:20:42,PYPL,246.95,288.0,buy,NASDAQ
tx_0005456,2025-06-17 10:20:43,AMZN,3618.73,230.0,sell,NASDAQ
tx_0007162,2025-06-17 10:20:45,BRK.B,278.61,960.0,sell,NYSE
tx_0006506,2025-06-17 10:20:48,FB,337.1,182.0,sell,NASDAQ
tx_0006068,2025-06-17 10:20:48,PYPL,244.4,817.0,sell,NASDAQ
tx_0000097,2025-06-17 10:20:55,NVDA,195.79,442.0,sell,NASDAQ
tx_0003671,2025-06-17 10:20:56,MSFT,287.88,20.0,sell,NASDAQ
tx_0007205,2025-06-17 10:20:57,AMZN,3557.36,606.0,buy,NASDAQ
tx_0000534,2025-06-17 10:20:57,ADBE,598.84,419.0,buy,NASDAQ
tx_0008564,2025-06-17 10:20:57,DIS,173.92,979.0,buy,NYSE
tx_0001540,2025-06-17 10:20:57,PYPL,243.23,121.0,buy,NASDAQ
tx_0004913,2025-06-17 10:21:03,PG,139.72,505.0,sell,NYSE
tx_0008058,2025-06-17 10:21:03,PG,142.01,996.0,sell,NYSE
tx_0008451,2025-06-17 10:21:06,TSLA,712.91,553.0,sell,NASDAQ
tx_0006818,2025-06-17 10:21:08,GOOGL,2813.67,468.0,buy,NASDAQ
tx_0007929,2025-06-17 10:21:12,TSLA,708.3,313.0,sell,NASDAQ
tx_0008702,2025-06-17 10:21:13,MCD,252.28,9.0,sell,NYSE
tx_0002141,2025-06-17 10:21:15,NFLX,489.46,573.0,sell,NASDAQ
tx_0004638,2025-06-17 10:21:20,PG,141.77,154.0,sell,NYSE
tx_0006702,2025-06-17 10:21:25,JNJ,171.41,105.0,buy,NYSE
tx_0003607,2025-06-17 10:21:31,MCD,254.65,290.0,buy,NYSE
tx_0001152,2025-06-17 10:21:32,MA,346.61,541.0,sell,NYSE
tx_0004608,2025-06-17 10:21:32,WMT,,483.0,buy,NYSE
tx_0001785,2025-06-17 10:21:33,MA,345.83,259.0,sell,NYSE
tx_0002195,2025-06-17 10:21:35,MA,349.41,802.0,sell,NYSE
tx_0001433,2025-06-17 10:21:38,TSLA,714.59,814.0,buy,NASDAQ
tx_0007764,2025-06-17 10:21:40,GOOGL,2828.73,406.0,buy,NASDAQ
tx_0000301,2025-06-17 10:21:41,MA,351.57,403.0,buy,NYSE
tx_0006105,2025-06-17 10:21:41,PG,140.12,264.0,buy,NYSE
tx_0000057,2025-06-17 10:21:43,MCD,255.6,274.0,sell,NYSE
tx_0004136,2025-06-17 10:21:49,TSLA,702.79,601.0,buy,NASDAQ
tx_0001674,2025-06-17 10:21:49,BRK.B,276.83,11.0,buy,NYSE
tx_0003008,2025-06-17 10:21:50,NVDA,195.53,921.0,buy,NASDAQ
tx_0003457,2025-06-17 10:21:52,AMZN,3581.6,971.0,buy,NASDAQ
tx_0008090,2025-06-17 10:21:54,V,222.44,366.0,sell,NYSE
tx_0004992,2025-06-17 10:21:55,AMZN,3599.73,313.0,buy,NASDAQ
tx_0004641,2025-06-17 10:22:10,AMZN,3551.03,830.0,sell,NASDAQ
tx_0003064,2025-06-17 10:22:13,V,221.09,128.0,sell,NYSE
tx_0006800,2025-06-17 10:22:14,MSFT,290.18,131.0,sell,NASDAQ
tx_0005523,2025-06-17 10:22:21,JNJ,172.78,34.0,buy,NYSE
tx_0004837,2025-06-17 10:22:23,PYPL,242.62,328.0,buy,
tx_0007758,2025-06-17 10:22:30,KO,58.08,679.0,buy,NYSE
tx_0004597,2025-06-17 10:22:33,BRK.B,275.49,399.0,sell,NYSE
tx_0003768,2025-06-17 10:22:33,DIS,174.17,693.0,buy,NYSE
tx_0007159,2025-06-17 10:22:37,V,221.88,119.0,buy,NYSE
tx_0001707,2025-06-17 10:22:37,TSLA,702.03,2.0,sell,NASDAQ
tx_0009109,2025-06-17 10:22:38,NFLX,499.36,565.0,sell,
tx_0004459,2025-06-17 10:22:40,WMT,142.54,440.0,sell,NYSE
tx_0006223,2025-06-17 10:22:42,ADBE,604.34,169.0,sell,NASDAQ
tx_0003833,2025-06-17 10:22:42,MA,347.15,345.0,buy,NYSE
tx_0004048,2025-06-17 10:22:43,V,223.28,376.0,sell,NYSE
tx_0006022,2025-06-17 10:22:44,PEP,153.25,302.0,sell,NYSE
tx_0001798,2025-06-17 10:22:49,PYPL,244.63,897.0,buy,NASDAQ
tx_0008827,2025-06-17 10:22:49,KO,57.85,572.0,sell,NYSE
tx_0003021,2025-06-17 10:22:53,ADBE,601.65,621.0,sell,NASDAQ
tx_0008638,2025-06-17 10:22:57,FB,333.95,431.0,sell,NASDAQ
tx_0002663,2025-06-17 10:23:02,JNJ,172.66,348.0,buy,NYSE
tx_0009853,2025-06-17 10:23:05,KO,58.4,936.0,sell,NYSE
tx_0003065,2025-06-17 10:23:06,KO,58.24,678.0,sell,NYSE
tx_0007656,2025-06-17 10:23:08,AAPL,153.28,169.0,buy,NASDAQ
tx_0008061,2025-06-17 10:23:13,DIS,175.14,675.0,sell,NYSE
tx_0006184,2025-06-17 10:23:16,BRK.B,275.42,221.0,buy,NYSE
tx_0002889,2025-06-17 10:23:20,NFLX,495.2,75.0,sell,NASDAQ
tx_0004935,2025-06-17 10:23:22,NFLX,497.01,596.0,buy,NASDAQ
tx_0009055,2025-06-17 10:23:27,JNJ,172.12,47.0,sell,NYSE
tx_0007132,2025-06-17 10:23:27,NFLX,492.59,942.0,sell,NASDAQ
tx_0007337,2025-06-17 10:23:30,KO,58.53,628.0,buy,NYSE
tx_0003850,2025-06-17 10:23:31,MSFT,287.26,820.0,buy,NASDAQ
tx_0009396,2025-06-17 10:23:34,JNJ,172.25,606.0,sell,NYSE
tx_0007244,2025-06-17 10:23:35,DIS,173.79,401.0,buy,NYSE
tx_0001671,2025-06-17 10:23:41,PG,141.82,388.0,buy,NYSE
tx_0001499,2025-06-17 10:23:43,GOOGL,2848.75,98.0,buy,NASDAQ
tx_0009237,2025-06-17 10:23:44,AAPL,154.27,200.0,buy,NASDAQ
tx_0007079,2025-06-17 10:23:46,TSLA,706.83,466.0,buy,NASDAQ
tx_0004347,2025-06-17 10:23:50,FB,338.23,977.0,buy,
tx_0001611,2025-06-17 10:23:58,MCD,252.36,794.0,sell,NYSE
tx_0007269,2025-06-17 10:23:59,ADBE,599.14,153.0,buy,NASDAQ
tx_0005741,2025-06-17 10:24:06,MA,352.96,714.0,sell,NYSE
tx_0001271,2025-06-17 10:24:10,MCD,255.02,962.0,sell,NYSE
tx_0007663,2025-06-17 10:24:12,WMT,142.88,644.0,buy,NYSE
tx_0007024,2025-06-17 10:24:13,WMT,143.22,385.0,buy,NYSE
tx_0007727,2025-06-17 10:24:14,JNJ,172.96,356.0,buy,
tx_0008408,2025-06-17 10:24:24,PEP,155.64,353.0,sell,NYSE
tx_0008508,2025-06-17 10:24:27,BRK.B,278.3,864.0,sell,NYSE
tx_0005215,2025-06-17 10:24:31,GOOGL,2811.15,874.0,sell,NASDAQ
tx_0008947,2025-06-17 10:24:35,V,222.97,357.0,sell,NYSE
tx_0000309,2025-06-17 10:24:39,ADBE,592.98,837.0,buy,NASDAQ
tx_0007105,2025-06-17 10:24:40,PEP,154.61,691.0,sell,NYSE
tx_0002867,2025-06-17 10:24:46,NFLX,494.14,408.0,sell,NASDAQ
tx_0000639,2025-06-17 10:24:49,GOOGL,2816.05,522.0,sell,NASDAQ
tx_0003861,2025-06-17 10:24:51,AAPL,153.67,722.0,sell,NASDAQ
tx_0007229,2025-06-17 10:24:51,TSLA,704.22,630.0,sell,NASDAQ
tx_0009999,2025-06-17 10:24:59,ADBE,597.6,552.0,buy,NASDAQ
tx_0000320,2025-06-17 10:24:59,TSLA,706.37,455.0,sell,NASDAQ
tx_0000211,2025-06-17 10:25:01,MCD,253.0,392.0,sell,NYSE
tx_0004525,2025-06-17 10:25:02,FB,337.15,650.0,buy,NASDAQ
tx_0000807,2025-06-17 10:25:08,JNJ,172.28,388.0,buy,NYSE
tx_0009591,2025-06-17 10:25:10,AMZN,3572.03,889.0,sell,NASDAQ
tx_0007483,2025-06-17 10:25:11,PYPL,246.86,964.0,buy,NASDAQ
tx_0005979,2025-06-17 10:25:12,MCD,254.4,210.0,buy,NYSE
tx_0002269,2025-06-17 10:25:13,NVDA,200.05,502.0,sell,NASDAQ
tx_0004505,2025-06-17 10:25:13,MSFT,288.96,590.0,sell,NASDAQ
tx_0006926,2025-06-17 10:25:14,DIS,175.6,577.0,sell,NYSE
tx_0002157,2025-06-17 10:25:15,ADBE,593.44,427.0,sell,NASDAQ
tx_0003920,2025-06-17 10:25:16,AMZN,3603.84,103.0,buy,NASDAQ
tx_0000494,2025-06-17 10:25:18,MCD,252.99,306.0,buy,NYSE
tx_0009491,2025-06-17 10:25:18,PG,140.51,82.0,buy,NYSE
tx_0006828,2025-06-17 10:25:23,ADBE,597.11,62.0,buy,NASDAQ
tx_0009221,2025-06-17 10:25:31,KO,58.17,323.0,buy,NYSE
tx_0000695,2025-06-17 10:25:37,DIS,174.32,84.0,sell,NYSE
tx_0009984,2025-06-17 10:25:38,MSFT,288.4,154.0,sell,NASDAQ
tx_0006458,2025-06-17 10:25:38,NVDA,198.64,673.0,sell,NASDAQ
tx_0003231,2025-06-17 10:25:40,TSLA,,698.0,sell,NASDAQ
tx_0007060,2025-06-17 10:25:43,AMZN,3563.18,800.0,buy,NASDAQ
tx_0009310,2025-06-17 10:25:47,WMT,141.09,794.0,,NYSE
tx_0002561,2025-06-17 10:25:49,TSLA,701.2,950.0,,NASDAQ
tx_0000654,2025-06-17 10:25:50,NFLX,502.74,549.0,,NASDAQ
tx_0006408,2025-06-17 10:25:52,MSFT,289.71,530.0,sell,NASDAQ
tx_0007264,2025-06-17 10:25:56,ADBE,598.41,39.0,sell,NASDAQ
tx_0000843,2025-06-17 10:26:04,AMZN,3596.89,723.0,buy,
tx_0003967,2025-06-17 10:26:18,MA,351.57,159.0,buy,NYSE
tx_0005944,2025-06-17 10:26:21,DIS,173.4,839.0,buy,NYSE
tx_0004337,2025-06-17 10:26:21,BRK.B,277.19,230.0,buy,NYSE
tx_0009989,2025-06-17 10:26:30,JNJ,171.58,731.0,buy,NYSE
tx_0004989,2025-06-17 10:26:30,AAPL,153.01,393.0,sell,
tx_0001306,2025-06-17 10:26:30,PG,140.27,770.0,sell,NYSE
tx_0002824,2025-06-17 10:26:36,V,224.42,620.0,sell,NYSE
tx_0001836,2025-06-17 10:26:43,AMZN,,323.0,buy,NASDAQ
tx_0008246,2025-06-17 10:26:44,JNJ,171.43,434.0,sell,NYSE
tx_0006453,2025-06-17 10:26:49,AAPL,151.38,693.0,buy,NASDAQ
tx_0008126,2025-06-17 10:26:57,MCD,255.52,727.0,buy,NYSE
tx_0008824,2025-06-17 10:27:00,JNJ,171.49,323.0,sell,NYSE
tx_0008425,2025-06-17 10:27:02,AMZN,3581.58,340.0,buy,NASDAQ
tx_0008931,2025-06-17 10:27:05,TSLA,702.62,153.0,sell,NASDAQ
tx_0003670,2025-06-17 10:27:07,KO,58.16,934.0,buy,NYSE
tx_0000438,2025-06-17 10:27:07,NFLX,494.94,16.0,sell,NASDAQ
tx_0001371,2025-06-17 10:27:10,MSFT,287.18,643.0,buy,NASDAQ
tx_0006135,2025-06-17 10:27:13,DIS,176.67,678.0,sell,NYSE
tx_0005178,2025-06-17 10:27:19,MCD,252.75,250.0,buy,NYSE
tx_0005465,2025-06-17 10:27:20,MCD,253.18,634.0,buy,NYSE
tx_0003721,2025-06-17 10:27:22,KO,58.19,158.0,buy,NYSE
tx_0006002,2025-06-17 10:27:24,DIS,176.81,624.0,sell,NYSE
tx_0007221,2025-06-17 10:27:26,DIS,176.65,648.0,buy,NYSE
tx_0009098,2025-06-17 10:27:27,V,227.32,285.0,buy,NYSE
tx_0000842,2025-06-17 10:27:32,MA,352.85,910.0,sell,NYSE
tx_0001329,2025-06-17 10:27:34,NFLX,499.68,502.0,sell,NASDAQ
tx_0000760,2025-06-17 10:27:34,PYPL,242.65,130.0,buy,NASDAQ
tx_0005971,2025-06-17 10:27:35,MA,351.05,305.0,buy,NYSE
tx_0003000,2025-06-17 10:27:36,MCD,253.4,371.0,sell,NYSE
tx_0001410,2025-06-17 10:27:36,TSLA,707.02,91.0,sell,NASDAQ
tx_0003687,2025-06-17 10:27:37,V,224.08,478.0,buy,NYSE
tx_0001646,2025-06-17 10:27:39,AAPL,151.4,257.0,sell,NASDAQ
tx_0003302,2025-06-17 10:27:41,JNJ,172.31,279.0,sell,NYSE
tx_0000418,2025-06-17 10:27:42,PG,141.08,169.0,sell,NYSE
tx_0001370,2025-06-17 10:27:43,BRK.B,276.67,900.0,buy,NYSE
tx_0002393,2025-06-17 10:27:45,PG,139.48,425.0,sell,NYSE
tx_0009455,2025-06-17 10:27:47,JNJ,170.78,147.0,buy,NYSE
tx_0005713,2025-06-17 10:27:49,PEP,153.42,30.0,buy,NYSE
tx_0003458,2025-06-17 10:27:52,KO,58.13,433.0,sell,NYSE
tx_0004548,2025-06-17 10:27:54,KO,57.84,147.0,sell,NYSE
tx_0006173,2025-06-17 10:27:55,PEP,156.41,593.0,buy,NYSE
tx_0001007,2025-06-17 10:27:56,MCD,257.09,281.0,buy,NYSE
tx_0004471,2025-06-17 10:27:57,NFLX,493.29,217.0,buy,NASDAQ
tx_0004438,2025-06-17 10:27:59,JNJ,172.63,525.0,sell,NYSE
tx_0002229,2025-06-17 10:28:10,BRK.B,276.78,610.0,sell,NYSE
tx_0003232,2025-06-17 10:28:11,NFLX,495.91,441.0,sell,NASDAQ
tx_0008680,2025-06-17 10:28:15,FB,338.61,336.0,sell,NASDAQ
tx_0001237,2025-06-17 10:28:16,BRK.B,277.06,873.0,buy,NYSE
tx_0005964,2025-06-17 10:28:19,PG,140.83,699.0,sell,NYSE
tx_0006150,2025-06-17 10:28:22,V,224.19,934.0,buy,NYSE
tx_0002196,2025-06-17 10:28:31,WMT,143.23,386.0,sell,NYSE
tx_0008013,2025-06-17 10:28:32,DIS,173.73,865.0,buy,NYSE
tx_0005768,2025-06-17 10:28:36,FB,338.29,389.0,sell,NASDAQ
tx_0001223,2025-06-17 10:28:41,BRK.B,273.14,29.0,buy,NYSE
tx_0004425,2025-06-17 10:28:44,WMT,142.56,853.0,buy,NYSE
tx_0004651,2025-06-17 10:28:49,MCD,257.25,205.0,sell,NYSE
tx_0006697,2025-06-17 10:28:50,PG,139.49,590.0,sell,NYSE
tx_0006999,2025-06-17 10:28:51,PEP,155.4,912.0,buy,NYSE
tx_0007893,2025-06-17 10:28:53,V,226.79,724.0,sell,NYSE
tx_0001560,2025-06-17 10:28:54,MCD,258.15,860.0,sell,NYSE
tx_0001647,2025-06-17 10:28:55,V,225.88,303.0,sell,NYSE
tx_0007592,2025-06-17 10:28:56,AAPL,152.43,460.0,buy,NASDAQ
tx_0006759,2025-06-17 10:28:57,TSLA,704.11,635.0,buy,NASDAQ
tx_0004041,2025-06-17 10:29:01,TSLA,708.35,903.0,buy,NASDAQ
tx_0007006,2025-06-17 10:29:06,DIS,173.88,461.0,sell,NYSE
tx_0001779,2025-06-17 10:29:09,KO,57.56,74.0,sell,NYSE
tx_0002218,2025-06-17 10:29:10,FB,343.52,982.0,buy,NASDAQ
tx_0000539,2025-06-17 10:29:11,WMT,141.81,432.0,sell,NYSE
tx_0005973,2025-06-17 10:29:15,MSFT,287.3,825.0,buy,NASDAQ
tx_0000466,2025-06-17 10:29:16,DIS,173.76,493.0,buy,NYSE
tx_0001610,2025-06-17 10:29:16,BRK.B,270.91,750.0,sell,NYSE
tx_0009730,2025-06-17 10:29:17,MA,346.63,780.0,buy,NYSE
tx_0003370,2025-06-17 10:29:18,PG,141.42,990.0,buy,NYSE
tx_0009169,2025-06-17 10:29:19,ADBE,598.3,450.0,sell,NASDAQ
tx_0008188,2025-06-17 10:29:20,MA,349.02,219.0,buy,NYSE
tx_0005282,2025-06-17 10:29:25,PEP,156.08,648.0,buy,NYSE
tx_0009590,2025-06-17 10:29:26,DIS,176.57,842.0,sell,NYSE
tx_0006356,2025-06-17 10:29:27,DIS,175.98,42.0,buy,NYSE
tx_0007440,2025-06-17 10:29:27,FB,343.51,635.0,sell,NASDAQ
tx_0003043,2025-06-17 10:29:28,ADBE,598.55,279.0,sell,NASDAQ
tx_0004107,2025-06-17 10:29:29,AAPL,151.78,696.0,sell,NASDAQ
tx_0007378,2025-06-17 10:29:30,MA,351.5,765.0,buy,NYSE
tx_0008469,2025-06-17 10:29:34,PEP,155.5,417.0,buy,NYSE
tx_0002069,2025-06-17 10:29:35,MSFT,286.92,488.0,buy,NASDAQ
tx_0001212,2025-06-17 10:29:38,MSFT,287.15,384.0,sell,NASDAQ
tx_0002833,2025-06-17 10:29:41,BRK.B,274.56,556.0,buy,NYSE
tx_0004975,2025-06-17 10:29:42,PYPL,247.32,271.0,buy,NASDAQ
tx_0000600,2025-06-17 10:29:44,DIS,175.9,444.0,buy,NYSE
tx_0003553,2025-06-17 10:29:44,KO,57.73,845.0,buy,NYSE
tx_0006629,2025-06-17 10:29:46,WMT,142.26,847.0,sell,NYSE
tx_0004934,2025-06-17 10:29:47,MCD,253.77,724.0,buy,NYSE
tx_0002545,2025-06-17 10:29:48,MCD,255.98,174.0,sell,NYSE
tx_0007430,2025-06-17 10:29:48,AAPL,151.77,,buy,NASDAQ
tx_0005786,2025-06-17 10:29:49,WMT,141.39,568.0,buy,NYSE
tx_0008436,2025-06-17 10:29:51,MSFT,286.57,604.0,sell,NASDAQ
tx_0004718,2025-06-17 10:29:51,V,224.89,329.0,buy,NYSE
tx_0006739,2025-06-17 10:29:55,ADBE,599.6,787.0,sell,NASDAQ
tx_0006155,2025-06-17 10:29:56,KO,58.25,734.0,buy,NYSE
tx_0008282,2025-06-17 10:29:58,BRK.B,274.86,676.0,sell,NYSE
tx_0008588,2025-06-17 10:30:02,FB,336.3,173.0,sell,NASDAQ
tx_0000909,2025-06-17 10:30:02,JNJ,171.0,355.0,buy,NYSE
tx_0001336,2025-06-17 10:30:02,AAPL,150.35,443.0,,NASDAQ
tx_0008365,2025-06-17 10:30:04,AAPL,152.09,223.0,sell,NASDAQ
tx_0001279,2025-06-17 10:30:05,V,229.03,284.0,sell,NYSE
tx_0003201,2025-06-17 10:30:10,WMT,142.39,500.0,sell,NYSE
tx_0004437,2025-06-17 10:30:19,MCD,257.75,450.0,buy,NYSE
tx_0000096,2025-06-17 10:30:22,PG,139.49,481.0,sell,NYSE
tx_0005660,2025-06-17 10:30:22,TSLA,713.23,726.0,sell,NASDAQ
tx_0008507,2025-06-17 10:30:23,FB,340.17,218.0,sell,NASDAQ
tx_0001400,2025-06-17 10:30:29,V,227.94,796.0,sell,NYSE
tx_0003472,2025-06-17 10:30:31,AMZN,3603.16,151.0,sell,NASDAQ
tx_0000986,2025-06-17 10:30:32,V,228.22,860.0,buy,NYSE
tx_0006557,2025-06-17 10:30:32,PG,139.9,661.0,buy,NYSE
tx_0006331,2025-06-17 10:30:32,KO,57.57,585.0,sell,NYSE
tx_0006686,2025-06-17 10:30:33,WMT,142.2,229.0,sell,NYSE
tx_0006533,2025-06-17 10:30:34,NVDA,202.13,515.0,sell,NASDAQ
tx_0005464,2025-06-17 10:30:36,DIS,177.14,767.0,sell,NYSE
tx_0000207,2025-06-17 10:30:39,TSLA,715.62,214.0,buy,NASDAQ
tx_0009696,2025-06-17 10:30:41,FB,336.53,331.0,buy,NASDAQ
tx_0009253,2025-06-17 10:30:54,MCD,256.39,899.0,buy,NYSE
tx_0004430,2025-06-17 10:30:54,PYPL,243.64,363.0,buy,NASDAQ
tx_0007867,2025-06-17 10:31:02,AMZN,3594.46,907.0,sell,NASDAQ
tx_0000786,2025-06-17 10:31:04,AMZN,3640.55,809.0,sell,NASDAQ
tx_0005686,2025-06-17 10:31:06,NVDA,200.77,237.0,buy,NASDAQ
tx_0000752,2025-06-17 10:31:07,FB,340.88,173.0,buy,NASDAQ
tx_0006348,2025-06-17 10:31:10,MSFT,289.19,815.0,buy,NASDAQ
tx_0008717,2025-06-17 10:31:12,FB,341.42,532.0,sell,NASDAQ
tx_0001462,2025-06-17 10:31:20,PG,141.72,781.0,buy,NYSE
tx_0002121,2025-06-17 10:31:20,GOOGL,2815.15,273.0,sell,NASDAQ
tx_0008025,2025-06-17 10:31:23,AMZN,3604.24,419.0,buy,NASDAQ
tx_0002987,2025-06-17 10:31:27,PYPL,247.77,428.0,sell,NASDAQ
tx_0009793,2025-06-17 10:31:28,DIS,174.01,358.0,sell,NYSE
tx_0004383,2025-06-17 10:31:31,MCD,256.01,110.0,sell,NYSE
tx_0007216,2025-06-17 10:31:31,AMZN,3646.48,387.0,sell,NASDAQ
tx_0000230,2025-06-17 10:31:33,DIS,173.94,351.0,buy,NYSE
tx_0009060,2025-06-17 10:31:38,BRK.B,273.11,887.0,sell,NYSE
tx_0004896,2025-06-17 10:31:39,AMZN,3623.27,951.0,buy,NASDAQ
tx_0004273,2025-06-17 10:31:39,GOOGL,2822.21,207.0,sell,NASDAQ
tx_0002222,2025-06-17 10:31:42,ADBE,607.07,815.0,sell,NASDAQ
tx_0009662,2025-06-17 10:31:43,NVDA,203.11,921.0,sell,NASDAQ
tx_0008989,2025-06-17 10:31:46,JNJ,172.34,496.0,buy,NYSE
tx_0007387,2025-06-17 10:31:47,JNJ,172.54,574.0,buy,NYSE
tx_0007973,2025-06-17 10:31:49,WMT,143.08,160.0,buy,NYSE
tx_0000543,2025-06-17 10:31:50,GOOGL,2805.48,420.0,buy,NASDAQ
tx_0009509,2025-06-17 10:31:50,TSLA,706.47,530.0,sell,NASDAQ
tx_0008124,2025-06-17 10:31:50,DIS,174.93,359.0,buy,NYSE
tx_0003329,2025-06-17 10:31:51,BRK.B,273.94,602.0,sell,NYSE
tx_0003018,2025-06-17 10:31:52,KO,58.21,939.0,sell,NYSE
tx_0001207,2025-06-17 10:31:55,WMT,141.86,163.0,buy,NYSE
tx_0005355,2025-06-17 10:31:58,NVDA,202.81,267.0,sell,NASDAQ
tx_0000281,2025-06-17 10:31:58,PYPL,248.78,374.0,buy,
tx_0008230,2025-06-17 10:31:59,AMZN,3614.36,63.0,sell,NASDAQ
tx_0008283,2025-06-17 10:32:04,PG,142.05,245.0,buy,NYSE
tx_0008878,2025-06-17 10:32:05,BRK.B,272.74,148.0,sell,NYSE
tx_0008857,2025-06-17 10:32:07,DIS,174.41,641.0,sell,NYSE
tx_0005838,2025-06-17 10:32:09,NVDA,199.74,983.0,sell,NASDAQ
tx_0000775,2025-06-17 10:32:10,KO,58.01,570.0,buy,NYSE
tx_0007346,2025-06-17 10:32:16,MA,343.55,689.0,buy,NYSE
tx_0003447,2025-06-17 10:32:17,NFLX,501.29,621.0,buy,NASDAQ
tx_0006373,2025-06-17 10:32:24,MSFT,286.04,428.0,sell,NASDAQ
tx_0002874,2025-06-17 10:32:24,GOOGL,2778.06,328.0,buy,NASDAQ
tx_0006481,2025-06-17 10:32:28,GOOGL,2823.46,641.0,buy,NASDAQ
tx_0006349,2025-06-17 10:32:29,KO,58.56,442.0,buy,NYSE
tx_0008884,2025-06-17 10:32:30,KO,58.35,834.0,buy,NYSE
tx_0008961,2025-06-17 10:32:30,AAPL,152.61,357.0,sell,NASDAQ
tx_0001267,2025-06-17 10:32:30,DIS,175.29,429.0,sell,NYSE
tx_0004173,2025-06-17 10:32:32,BRK.B,275.92,176.0,sell,NYSE
tx_0006422,2025-06-17 10:32:32,MSFT,284.29,447.0,buy,NASDAQ
tx_0007110,2025-06-17 10:32:35,JNJ,173.2,187.0,sell,NYSE
tx_0000480,2025-06-17 10:32:36,JNJ,172.09,23.0,buy,
tx_0009863,2025-06-17 10:32:39,JNJ,172.95,691.0,buy,NYSE
tx_0007123,2025-06-17 10:32:40,NVDA,202.53,742.0,sell,NASDAQ
tx_0005714,2025-06-17 10:32:41,WMT,142.45,876.0,buy,NYSE
tx_0001405,2025-06-17 10:32:41,DIS,174.83,98.0,sell,NYSE
tx_0001897,2025-06-17 10:32:41,AAPL,150.76,768.0,sell,NASDAQ
tx_0005855,2025-06-17 10:32:47,NVDA,202.25,254.0,buy,NASDAQ
tx_0006964,2025-06-17 10:32:48,BRK.B,272.69,843.0,buy,NYSE
tx_0003382,2025-06-17 10:32:52,KO,58.08,301.0,buy,NYSE
tx_0001933,2025-06-17 10:32:52,MA,345.28,307.0,buy,NYSE
tx_0001413,2025-06-17 10:32:54,ADBE,606.08,905.0,buy,NASDAQ
tx_0007629,2025-06-17 10:32:55,V,225.3,261.0,buy,NYSE
tx_0002576,2025-06-17 10:32:56,GOOGL,2802.23,191.0,buy,NASDAQ
tx_0001253,2025-06-17 10:32:56,MA,348.59,78.0,buy,NYSE
tx_0002290,2025-06-17 10:33:00,TSLA,714.98,915.0,sell,NASDAQ
tx_0001465,2025-06-17 10:33:02,GOOGL,2815.79,734.0,buy,NASDAQ
tx_0002551,2025-06-17 10:33:07,FB,338.74,59.0,sell,NASDAQ
tx_0002445,2025-06-17 10:33:19,AMZN,3600.2,786.0,buy,NASDAQ
tx_0009633,2025-06-17 10:33:21,DIS,174.12,394.0,sell,NYSE
tx_0004354,2025-06-17 10:33:21,FB,344.27,287.0,buy,NASDAQ
tx_0006866,2025-06-17 10:33:21,GOOGL,2802.79,682.0,sell,NASDAQ
tx_0008783,2025-06-17 10:33:24,GOOGL,2803.84,423.0,sell,NASDAQ
tx_0008705,2025-06-17 10:33:28,NFLX,501.57,934.0,sell,NASDAQ
tx_0000264,2025-06-17 10:33:29,AAPL,149.63,706.0,buy,NASDAQ
tx_0001349,2025-06-17 10:33:31,FB,340.62,569.0,sell,NASDAQ
tx_0006722,2025-06-17 10:33:34,ADBE,608.15,103.0,sell,NASDAQ
tx_0008756,2025-06-17 10:33:34,PEP,157.02,463.0,buy,NYSE
tx_0000421,2025-06-17 10:33:35,PEP,156.68,883.0,sell,NYSE
tx_0008592,2025-06-17 10:33:39,GOOGL,2833.05,35.0,buy,NASDAQ
tx_0000331,2025-06-17 10:33:39,WMT,143.63,756.0,sell,NYSE
tx_0007729,2025-06-17 10:33:39,DIS,174.1,944.0,buy,NYSE
tx_0002009,2025-06-17 10:33:42,BRK.B,278.14,725.0,sell,NYSE
tx_0006659,2025-06-17 10:33:46,WMT,142.51,863.0,buy,NYSE
tx_0002630,2025-06-17 10:33:51,MCD,257.12,273.0,buy,NYSE
tx_0006497,2025-06-17 10:33:54,MA,344.14,114.0,buy,NYSE
tx_0000116,2025-06-17 10:33:54,PYPL,248.99,651.0,buy,NASDAQ
tx_0000405,2025-06-17 10:34:01,WMT,142.21,304.0,sell,NYSE
tx_0003471,2025-06-17 10:34:04,V,227.11,377.0,sell,NYSE
tx_0009338,2025-06-17 10:34:06,KO,58.26,594.0,buy,NYSE
tx_0007555,2025-06-17 10:34:09,AAPL,149.73,918.0,buy,NASDAQ
tx_0006893,2025-06-17 10:34:10,TSLA,713.46,701.0,buy,NASDAQ
tx_0000133,2025-06-17 10:34:12,PYPL,245.39,739.0,buy,NASDAQ
tx_0008243,2025-06-17 10:34:17,BRK.B,274.86,480.0,sell,NYSE
tx_0002099,2025-06-17 10:34:19,PEP,154.79,169.0,buy,NYSE
tx_0009034,2025-06-17 10:34:22,TSLA,706.36,340.0,sell,NASDAQ
tx_0001131,2025-06-17 10:34:23,AAPL,149.95,271.0,buy,NASDAQ
tx_0006074,2025-06-17 10:34:25,FB,339.33,398.0,sell,NASDAQ
tx_0002965,2025-06-17 10:34:25,ADBE,599.38,661.0,sell,NASDAQ
tx_0005851,2025-06-17 10:34:26,NFLX,504.59,716.0,,NASDAQ
tx_0001860,2025-06-17 10:34:37,JNJ,172.35,223.0,sell,NYSE
tx_0000979,2025-06-17 10:34:37,DIS,175.21,891.0,sell,NYSE
tx_0008354,2025-06-17 10:34:46,PEP,154.78,250.0,sell,NYSE
tx_0004272,2025-06-17 10:34:48,TSLA,706.62,392.0,sell,NASDAQ
tx_0001591,2025-06-17 10:34:48,PYPL,248.96,322.0,buy,NASDAQ
tx_0003828,2025-06-17 10:34:50,V,225.67,76.0,,NYSE
tx_0004921,2025-06-17 10:34:50,DIS,174.93,340.0,buy,NYSE
tx_0003569,2025-06-17 10:34:50,PEP,154.65,,sell,NYSE
tx_0000800,2025-06-17 10:34:52,JNJ,172.55,688.0,sell,NYSE
tx_0004407,2025-06-17 10:34:53,WMT,142.53,215.0,buy,NYSE
tx_0003291,2025-06-17 10:34:57,WMT,143.35,97.0,buy,NYSE
tx_0003475,2025-06-17 10:34:59,V,228.37,809.0,buy,NYSE
tx_0006528,2025-06-17 10:35:00,AAPL,153.03,626.0,sell,NASDAQ
tx_0001583,2025-06-17 10:35:06,PYPL,248.89,493.0,sell,NASDAQ
tx_0005827,2025-06-17 10:35:06,PG,,418.0,buy,NYSE
tx_0006788,2025-06-17 10:35:06,PG,139.33,138.0,buy,NYSE
tx_0007634,2025-06-17 10:35:07,ADBE,604.1,114.0,buy,NASDAQ
tx_0002974,2025-06-17 10:35:09,AAPL,151.21,,sell,NASDAQ
tx_0004363,2025-06-17 10:35:13,PYPL,245.7,438.0,buy,NASDAQ
tx_0006833,2025-06-17 10:35:13,KO,57.81,487.0,buy,NYSE
tx_0008317,2025-06-17 10:35:13,BRK.B,276.73,559.0,sell,NYSE
tx_0001653,2025-06-17 10:35:13,PG,141.74,816.0,sell,NYSE
tx_0007551,2025-06-17 10:35:15,BRK.B,275.15,211.0,buy,NYSE
tx_0004770,2025-06-17 10:35:19,V,224.99,49.0,sell,NYSE
tx_0007760,2025-06-17 10:35:20,AAPL,151.97,890.0,sell,NASDAQ
tx_0008945,2025-06-17 10:35:24,AMZN,3648.28,166.0,,NASDAQ
tx_0007379,2025-06-17 10:35:28,AMZN,3641.56,27.0,sell,NASDAQ
tx_0009465,2025-06-17 10:35:32,FB,342.68,602.0,sell,NASDAQ
tx_0002811,2025-06-17 10:35:34,DIS,173.82,888.0,buy,NYSE
tx_0002509,2025-06-17 10:35:37,PYPL,245.33,685.0,sell,NASDAQ
tx_0001061,2025-06-17 10:35:37,NFLX,504.32,52.0,sell,NASDAQ
tx_0009195,2025-06-17 10:35:38,FB,340.28,199.0,sell,NASDAQ
tx_0001048,2025-06-17 10:35:39,TSLA,708.39,716.0,sell,NASDAQ
tx_0004238,2025-06-17 10:35:39,AAPL,152.26,281.0,sell,NASDAQ
tx_0005634,2025-06-17 10:35:39,V,224.26,165.0,sell,NYSE
tx_0007357,2025-06-17 10:35:39,TSLA,704.29,637.0,sell,NASDAQ
tx_0008078,2025-06-17 10:35:40,MSFT,291.37,256.0,sell,NASDAQ
tx_0009392,2025-06-17 10:35:40,KO,57.93,850.0,buy,NYSE
tx_0006412,2025-06-17 10:35:41,KO,57.69,123.0,buy,NYSE
tx_0004536,2025-06-17 10:35:44,MSFT,,179.0,buy,NASDAQ
tx_0002767,2025-06-17 10:35:46,WMT,143.16,902.0,buy,NYSE
tx_0005200,2025-06-17 10:35:50,AMZN,3664.98,121.0,sell,NASDAQ
tx_0004749,2025-06-17 10:35:50,DIS,173.63,176.0,sell,NYSE
tx_0000773,2025-06-17 10:35:52,TSLA,704.58,824.0,sell,NASDAQ
tx_0007857,2025-06-17 10:35:52,NVDA,202.66,835.0,buy,NASDAQ
tx_0007894,2025-06-17 10:35:52,FB,341.16,393.0,buy,NASDAQ
tx_0007080,2025-06-17 10:35:57,TSLA,710.92,170.0,sell,NASDAQ
tx_0006479,2025-06-17 10:35:57,WMT,141.4,697.0,buy,NYSE
tx_0005669,2025-06-17 10:35:58,AMZN,3629.79,157.0,sell,NASDAQ
tx_0005345,2025-06-17 10:36:06,PYPL,246.15,101.0,sell,NASDAQ
tx_0001382,2025-06-17 10:36:08,NFLX,498.08,24.0,sell,NASDAQ
tx_0005448,2025-06-17 10:36:08,PYPL,249.2,17.0,buy,NASDAQ
tx_0004961,2025-06-17 10:36:08,AMZN,3613.39,725.0,sell,NASDAQ
tx_0005756,2025-06-17 10:36:09,ADBE,604.96,599.0,sell,NASDAQ
tx_0000374,2025-06-17 10:36:11,KO,57.84,217.0,buy,NYSE
tx_0007413,2025-06-17 10:36:11,MA,345.23,795.0,sell,NYSE
tx_0009049,2025-06-17 10:36:12,MCD,258.42,410.0,buy,NYSE
tx_0000468,2025-06-17 10:36:13,MSFT,288.7,469.0,buy,NASDAQ
tx_0009645,2025-06-17 10:36:14,MA,346.28,850.0,sell,NYSE
tx_0007016,2025-06-17 10:36:14,NFLX,504.86,383.0,sell,NASDAQ
tx_0008586,2025-06-17 10:36:14,KO,58.14,769.0,buy,NYSE
tx_0007022,2025-06-17 10:36:18,AAPL,150.98,772.0,sell,NASDAQ
tx_0002925,2025-06-17 10:36:18,PYPL,249.37,388.0,sell,NASDAQ
tx_0004506,2025-06-17 10:36:22,ADBE,600.89,873.0,buy,NASDAQ
tx_0001559,2025-06-17 10:36:24,BRK.B,272.28,176.0,sell,NYSE
tx_0002338,2025-06-17 10:36:27,MSFT,290.52,890.0,buy,NASDAQ
tx_0002325,2025-06-17 10:36:28,PYPL,247.51,687.0,buy,NASDAQ
tx_0000504,2025-06-17 10:36:30,WMT,142.56,571.0,sell,NYSE
tx_0006231,2025-06-17 10:36:32,WMT,142.63,284.0,buy,NYSE
tx_0002003,2025-06-17 10:36:34,WMT,141.87,64.0,sell,NYSE
tx_0009934,2025-06-17 10:36:34,ADBE,606.8,664.0,buy,NASDAQ
tx_0006549,2025-06-17 10:36:41,NFLX,505.07,605.0,sell,NASDAQ
tx_0007485,2025-06-17 10:36:41,V,223.92,409.0,sell,NYSE
tx_0000384,2025-06-17 10:36:42,NFLX,499.59,298.0,sell,NASDAQ
tx_0007086,2025-06-17 10:36:44,PG,139.63,366.0,buy,NYSE
tx_0005105,2025-06-17 10:36:44,NFLX,499.15,182.0,sell,NASDAQ
tx_0002212,2025-06-17 10:36:44,DIS,173.58,439.0,sell,NYSE
tx_0005198,2025-06-17 10:36:46,AAPL,149.93,651.0,sell,NASDAQ
tx_0009260,2025-06-17 10:36:48,MSFT,290.38,183.0,buy,NASDAQ
tx_0000270,2025-06-17 10:36:49,KO,58.04,568.0,sell,NYSE
tx_0005031,2025-06-17 10:36:51,DIS,173.37,50.0,buy,NYSE
tx_0005653,2025-06-17 10:36:52,ADBE,605.88,285.0,sell,NASDAQ
tx_0002547,2025-06-17 10:36:53,PEP,156.4,690.0,buy,NYSE
tx_0004719,2025-06-17 10:36:57,ADBE,605.62,658.0,sell,NASDAQ
tx_0002554,2025-06-17 10:37:06,MSFT,288.91,865.0,buy,NASDAQ
tx_0004634,2025-06-17 10:37:07,KO,58.26,884.0,buy,NYSE
tx_0006620,2025-06-17 10:37:08,BRK.B,275.01,688.0,buy,NYSE
tx_0003282,2025-06-17 10:37:12,DIS,174.63,724.0,sell,
tx_0007455,2025-06-17 10:37:12,DIS,173.62,647.0,sell,NYSE
tx_0000059,2025-06-17 10:37:13,V,227.77,606.0,sell,NYSE
tx_0002912,2025-06-17 10:37:15,PYPL,244.16,614.0,sell,NASDAQ
tx_0007966,2025-06-17 10:37:16,AMZN,3607.5,421.0,buy,NASDAQ
tx_0005192,2025-06-17 10:37:16,NVDA,202.0,851.0,buy,NASDAQ
tx_0006590,2025-06-17 10:37:17,FB,342.69,982.0,sell,NASDAQ
tx_0001818,2025-06-17 10:37:19,ADBE,603.26,892.0,sell,NASDAQ
tx_0008597,2025-06-17 10:37:19,PEP,155.68,81.0,sell,NYSE
tx_0003184,2025-06-17 10:37:20,PYPL,248.3,500.0,buy,NASDAQ
tx_0009511,2025-06-17 10:37:20,TSLA,713.56,299.0,buy,NASDAQ
tx_0004403,2025-06-17 10:37:22,PG,139.96,231.0,buy,NYSE
tx_0001074,2025-06-17 10:37:24,BRK.B,271.57,213.0,sell,NYSE
tx_0009896,2025-06-17 10:37:24,GOOGL,2838.17,98.0,buy,NASDAQ
tx_0001905,2025-06-17 10:37:29,AAPL,152.57,693.0,sell,NASDAQ
tx_0009720,2025-06-17 10:37:30,DIS,171.54,870.0,sell,NYSE
tx_0009261,2025-06-17 10:37:32,PG,141.38,794.0,buy,NYSE
tx_0008406,2025-06-17 10:37:32,KO,57.37,553.0,sell,NYSE
tx_0002848,2025-06-17 10:37:33,BRK.B,275.33,247.0,sell,NYSE
tx_0000011,2025-06-17 10:37:37,PYPL,246.08,658.0,buy,NASDAQ
tx_0007452,2025-06-17 10:37:40,WMT,141.3,451.0,buy,NYSE
tx_0006204,2025-06-17 10:37:40,PYPL,244.95,640.0,buy,NASDAQ
tx_0009961,2025-06-17 10:37:43,FB,341.79,479.0,sell,NASDAQ
tx_0001057,2025-06-17 10:37:46,KO,57.21,827.0,sell,NYSE
tx_0004726,2025-06-17 10:37:50,NVDA,202.79,976.0,buy,NASDAQ
tx_0009228,2025-06-17 10:37:50,TSLA,706.5,114.0,buy,NASDAQ
tx_0008516,2025-06-17 10:37:56,NVDA,200.33,649.0,buy,NASDAQ
