transaction_id,timestamp,stock_symbol,price,quantity,order_type,exchange
tx_0006269,2025-06-15 09:30:00,PG,139.31,604.0,buy,NYSE
tx_0006246,2025-06-15 09:30:03,GOOGL,2826.2,28.0,buy,NASDAQ
tx_0001433,2025-06-15 09:30:04,GOOGL,2786.35,174.0,sell,NASDAQ
tx_0009114,2025-06-15 09:30:06,PG,140.44,923.0,buy,NYSE
tx_0007677,2025-06-15 09:30:07,AMZN,3532.56,891.0,buy,NASDAQ
tx_0001982,2025-06-15 09:30:10,PG,139.06,345.0,sell,NYSE
tx_0006058,2025-06-15 09:30:11,BRK.B,277.54,205.0,buy,NYSE
tx_0005037,2025-06-15 09:30:12,JNJ,169.18,259.0,buy,NYSE
tx_0000606,2025-06-15 09:30:19,ADBE,597.89,449.0,,NASDAQ
tx_0005780,2025-06-15 09:30:23,GOOGL,2826.14,690.0,buy,NASDAQ
tx_0000607,2025-06-15 09:30:23,MCD,247.68,280.0,sell,NYSE
tx_0000944,2025-06-15 09:30:23,MSFT,302.8,112.0,sell,NASDAQ
tx_0007064,2025-06-15 09:30:23,NFLX,500.37,325.0,buy,NASDAQ
tx_0002515,2025-06-15 09:30:25,NVDA,198.09,162.0,buy,NASDAQ
tx_0003040,2025-06-15 09:30:26,ADBE,602.26,984.0,buy,NASDAQ
tx_0005115,2025-06-15 09:30:28,AAPL,151.08,442.0,buy,NASDAQ
tx_0008287,2025-06-15 09:30:28,JNJ,170.84,77.0,sell,NYSE
tx_0002950,2025-06-15 09:30:28,MCD,248.42,926.0,buy,NYSE
tx_0002467,2025-06-15 09:30:34,NVDA,202.1,579.0,buy,NASDAQ
tx_0003212,2025-06-15 09:30:40,NFLX,498.56,337.0,sell,NASDAQ
tx_0001411,2025-06-15 09:30:40,TSLA,700.91,222.0,sell,NASDAQ
tx_0007676,2025-06-15 09:30:43,AMZN,3498.05,356.0,buy,NASDAQ
tx_0002553,2025-06-15 09:30:44,BRK.B,279.06,28.0,sell,NYSE
tx_0005206,2025-06-15 09:30:44,PG,140.07,19.0,buy,NYSE
tx_0005613,2025-06-15 09:30:47,GOOGL,2810.9,624.0,sell,NASDAQ
tx_0005610,2025-06-15 09:30:47,MSFT,302.19,300.0,sell,NASDAQ
tx_0000456,2025-06-15 09:30:50,PG,140.85,187.0,sell,NYSE
tx_0007724,2025-06-15 09:30:54,AMZN,3545.9,829.0,buy,NASDAQ
tx_0001950,2025-06-15 09:30:56,WMT,140.2,662.0,sell,NYSE
tx_0006840,2025-06-15 09:30:57,MA,352.01,299.0,buy,NYSE
tx_0005345,2025-06-15 09:31:02,MCD,250.39,18.0,sell,NYSE
tx_0007186,2025-06-15 09:31:02,NFLX,502.83,862.0,sell,NASDAQ
tx_0000388,2025-06-15 09:31:07,MCD,250.81,926.0,sell,NYSE
tx_0005398,2025-06-15 09:31:08,WMT,139.93,182.0,sell,NYSE
tx_0009251,2025-06-15 09:31:13,DIS,181.59,578.0,sell,NYSE
tx_0004571,2025-06-15 09:31:14,V,218.8,432.0,sell,NYSE
tx_0007578,2025-06-15 09:31:17,FB,330.49,856.0,sell,NASDAQ
tx_0008935,2025-06-15 09:31:21,PYPL,252.1,479.0,sell,NASDAQ
tx_0001217,2025-06-15 09:31:21,NFLX,500.49,,sell,NASDAQ
tx_0006925,2025-06-15 09:31:27,ADBE,599.54,354.0,buy,NASDAQ
tx_0006385,2025-06-15 09:31:28,TSLA,708.94,876.0,buy,NASDAQ
tx_0001172,2025-06-15 09:31:32,JNJ,169.19,540.0,sell,NYSE
tx_0003029,2025-06-15 09:31:41,PG,139.35,498.0,sell,NYSE
tx_0005999,2025-06-15 09:31:43,WMT,139.53,188.0,sell,NYSE
tx_0000573,2025-06-15 09:31:43,KO,54.81,640.0,sell,NYSE
tx_0009042,2025-06-15 09:31:59,NVDA,202.92,201.0,buy,NASDAQ
tx_0005831,2025-06-15 09:32:01,JNJ,169.7,762.0,buy,NYSE
tx_0001843,2025-06-15 09:32:03,BRK.B,281.65,209.0,buy,NYSE
tx_0004636,2025-06-15 09:32:04,MA,345.33,254.0,sell,NYSE
tx_0004752,2025-06-15 09:32:05,GOOGL,2787.7,380.0,buy,NASDAQ
tx_0002831,2025-06-15 09:32:10,ADBE,595.63,377.0,sell,NASDAQ
tx_0006676,2025-06-15 09:32:16,DIS,181.47,618.0,sell,NYSE
tx_0001977,2025-06-15 09:32:22,GOOGL,2783.54,623.0,sell,NASDAQ
tx_0004509,2025-06-15 09:32:22,JNJ,168.85,255.0,buy,NYSE
tx_0007391,2025-06-15 09:32:26,MSFT,303.16,783.0,buy,NASDAQ
tx_0005897,2025-06-15 09:32:29,KO,55.83,208.0,sell,NYSE
tx_0003407,2025-06-15 09:32:30,FB,333.84,397.0,buy,NASDAQ
tx_0005537,2025-06-15 09:32:37,AAPL,150.01,888.0,buy,NASDAQ
tx_0002861,2025-06-15 09:32:37,ADBE,599.41,552.0,sell,NASDAQ
tx_0004414,2025-06-15 09:32:39,NFLX,499.24,622.0,buy,NASDAQ
tx_0004970,2025-06-15 09:32:41,AAPL,151.99,571.0,buy,NASDAQ
tx_0006372,2025-06-15 09:32:41,PG,140.27,46.0,buy,NYSE
tx_0004630,2025-06-15 09:32:43,KO,54.9,827.0,sell,NYSE
tx_0003913,2025-06-15 09:32:44,KO,55.45,663.0,buy,NYSE
tx_0001286,2025-06-15 09:32:49,PEP,149.65,620.0,sell,NYSE
tx_0003315,2025-06-15 09:32:51,WMT,141.86,199.0,buy,NYSE
tx_0009990,2025-06-15 09:32:51,TSLA,704.4,153.0,buy,NASDAQ
tx_0005030,2025-06-15 09:32:51,PEP,149.63,663.0,buy,NYSE
tx_0006897,2025-06-15 09:32:52,AMZN,3510.01,763.0,sell,NASDAQ
tx_0006655,2025-06-15 09:32:58,BRK.B,279.0,354.0,sell,NYSE
tx_0009462,2025-06-15 09:33:01,ADBE,595.77,346.0,buy,NASDAQ
tx_0005275,2025-06-15 09:33:02,JNJ,166.95,665.0,sell,NYSE
tx_0003700,2025-06-15 09:33:03,ADBE,603.3,854.0,buy,
tx_0006566,2025-06-15 09:33:06,FB,332.18,305.0,sell,NASDAQ
tx_0008013,2025-06-15 09:33:08,MSFT,302.44,765.0,sell,NASDAQ
tx_0007963,2025-06-15 09:33:11,PYPL,250.99,170.0,sell,NASDAQ
tx_0000752,2025-06-15 09:33:11,AAPL,150.01,72.0,buy,NASDAQ
tx_0005025,2025-06-15 09:33:12,BRK.B,279.55,524.0,sell,NYSE
tx_0007310,2025-06-15 09:33:13,DIS,180.3,682.0,buy,NYSE
tx_0004847,2025-06-15 09:33:14,V,220.46,284.0,sell,NYSE
tx_0000032,2025-06-15 09:33:16,DIS,181.52,495.0,,NYSE
tx_0000400,2025-06-15 09:33:17,PYPL,250.06,117.0,sell,NASDAQ
tx_0009894,2025-06-15 09:33:19,NFLX,501.54,312.0,buy,NASDAQ
tx_0000390,2025-06-15 09:33:21,AAPL,151.88,283.0,sell,NASDAQ
tx_0004471,2025-06-15 09:33:26,TSLA,709.8,538.0,buy,NASDAQ
tx_0007606,2025-06-15 09:33:32,PG,140.09,880.0,sell,NYSE
tx_0009729,2025-06-15 09:33:36,GOOGL,2764.85,553.0,sell,NASDAQ
tx_0000535,2025-06-15 09:33:39,FB,332.21,786.0,sell,NASDAQ
tx_0009018,2025-06-15 09:33:39,NVDA,198.88,79.0,sell,NASDAQ
tx_0009224,2025-06-15 09:33:40,GOOGL,2757.74,73.0,sell,NASDAQ
tx_0004684,2025-06-15 09:33:45,FB,331.36,525.0,sell,NASDAQ
tx_0006144,2025-06-15 09:33:46,NVDA,201.86,899.0,sell,NASDAQ
tx_0005706,2025-06-15 09:33:50,PYPL,250.29,1.0,buy,NASDAQ
tx_0004484,2025-06-15 09:33:54,AMZN,3523.38,157.0,buy,NASDAQ
tx_0007601,2025-06-15 09:33:56,BRK.B,282.29,347.0,buy,NYSE
tx_0003264,2025-06-15 09:33:57,BRK.B,279.51,42.0,buy,NYSE
tx_0000988,2025-06-15 09:34:03,TSLA,709.21,643.0,buy,NASDAQ
tx_0006738,2025-06-15 09:34:04,ADBE,603.07,20.0,sell,NASDAQ
tx_0007443,2025-06-15 09:34:06,TSLA,705.46,77.0,sell,NASDAQ
tx_0008681,2025-06-15 09:34:07,MA,346.59,329.0,buy,NYSE
tx_0009815,2025-06-15 09:34:08,MCD,251.82,412.0,buy,NYSE
tx_0007167,2025-06-15 09:34:11,AAPL,151.0,164.0,sell,NASDAQ
tx_0006233,2025-06-15 09:34:11,BRK.B,282.42,42.0,sell,NYSE
tx_0005096,2025-06-15 09:34:12,JNJ,168.83,95.0,buy,NYSE
tx_0005951,2025-06-15 09:34:12,MSFT,300.24,634.0,sell,NASDAQ
tx_0002050,2025-06-15 09:34:17,AAPL,150.71,576.0,buy,NASDAQ
tx_0002845,2025-06-15 09:34:19,AMZN,3514.43,167.0,sell,NASDAQ
tx_0003559,2025-06-15 09:34:20,MA,347.62,,buy,NYSE
tx_0004496,2025-06-15 09:34:21,GOOGL,2791.26,406.0,buy,NASDAQ
tx_0003299,2025-06-15 09:34:21,TSLA,696.46,408.0,buy,NASDAQ
tx_0005213,2025-06-15 09:34:24,FB,329.74,795.0,sell,NASDAQ
tx_0003032,2025-06-15 09:34:26,V,219.73,862.0,sell,NYSE
tx_0003134,2025-06-15 09:34:27,PEP,150.68,789.0,sell,NYSE
tx_0007547,2025-06-15 09:34:28,ADBE,594.76,899.0,buy,NASDAQ
tx_0006624,2025-06-15 09:34:28,PG,138.79,624.0,sell,NYSE
tx_0004116,2025-06-15 09:34:31,ADBE,600.47,708.0,buy,NASDAQ
tx_0009017,2025-06-15 09:34:32,NFLX,503.47,820.0,buy,NASDAQ
tx_0007823,2025-06-15 09:34:36,AMZN,3547.3,692.0,buy,
tx_0000979,2025-06-15 09:34:45,PYPL,249.83,205.0,sell,NASDAQ
tx_0000035,2025-06-15 09:34:49,NFLX,502.83,102.0,sell,NASDAQ
tx_0000587,2025-06-15 09:34:50,BRK.B,281.77,429.0,sell,NYSE
tx_0002575,2025-06-15 09:34:55,TSLA,701.07,328.0,buy,NASDAQ
tx_0007083,2025-06-15 09:34:55,AMZN,3523.58,535.0,sell,NASDAQ
tx_0000449,2025-06-15 09:34:57,AMZN,3522.12,989.0,sell,NASDAQ
tx_0002377,2025-06-15 09:34:57,ADBE,599.7,987.0,sell,NASDAQ
tx_0008302,2025-06-15 09:34:58,MSFT,301.24,541.0,buy,NASDAQ
tx_0002882,2025-06-15 09:35:00,NFLX,501.05,772.0,buy,NASDAQ
tx_0004825,2025-06-15 09:35:04,AMZN,3507.4,195.0,sell,NASDAQ
tx_0000931,2025-06-15 09:35:07,MCD,250.22,713.0,sell,NYSE
tx_0008194,2025-06-15 09:35:11,KO,55.05,386.0,sell,NYSE
tx_0002222,2025-06-15 09:35:14,PG,140.05,829.0,buy,NYSE
tx_0007764,2025-06-15 09:35:15,V,218.68,308.0,sell,NYSE
tx_0001253,2025-06-15 09:35:17,V,222.54,533.0,sell,NYSE
tx_0002035,2025-06-15 09:35:18,NFLX,497.85,520.0,buy,NASDAQ
tx_0006923,2025-06-15 09:35:21,ADBE,607.11,426.0,sell,NASDAQ
tx_0006496,2025-06-15 09:35:21,MSFT,297.95,43.0,buy,NASDAQ
tx_0009307,2025-06-15 09:35:21,TSLA,707.53,666.0,sell,NASDAQ
tx_0005470,2025-06-15 09:35:22,V,221.05,531.0,sell,NYSE
tx_0007705,2025-06-15 09:35:24,ADBE,607.33,576.0,sell,NASDAQ
tx_0003695,2025-06-15 09:35:30,PYPL,250.42,703.0,buy,NASDAQ
tx_0006586,2025-06-15 09:35:31,KO,55.13,283.0,sell,NYSE
tx_0007418,2025-06-15 09:35:33,MSFT,300.96,898.0,sell,NASDAQ
tx_0002190,2025-06-15 09:35:36,JNJ,169.43,963.0,buy,NYSE
tx_0005164,2025-06-15 09:35:40,TSLA,711.54,941.0,buy,NASDAQ
tx_0008333,2025-06-15 09:35:41,GOOGL,2766.69,139.0,sell,NASDAQ
tx_0009825,2025-06-15 09:35:44,TSLA,701.79,212.0,buy,NASDAQ
tx_0007442,2025-06-15 09:35:45,PYPL,248.42,920.0,buy,NASDAQ
tx_0001098,2025-06-15 09:35:47,WMT,140.7,89.0,sell,NYSE
tx_0006587,2025-06-15 09:35:48,MCD,246.53,743.0,sell,NYSE
tx_0006150,2025-06-15 09:35:49,GOOGL,2786.24,845.0,buy,NASDAQ
tx_0004769,2025-06-15 09:35:53,MSFT,302.06,561.0,buy,NASDAQ
tx_0000065,2025-06-15 09:35:54,MSFT,300.91,782.0,buy,NASDAQ
tx_0000431,2025-06-15 09:35:55,KO,55.33,488.0,buy,NYSE
tx_0003928,2025-06-15 09:35:58,KO,54.57,824.0,buy,NYSE
tx_0002795,2025-06-15 09:36:00,MSFT,300.46,307.0,buy,NASDAQ
tx_0002555,2025-06-15 09:36:03,NVDA,202.11,930.0,sell,NASDAQ
tx_0006195,2025-06-15 09:36:04,JNJ,167.49,898.0,sell,NYSE
tx_0003337,2025-06-15 09:36:04,GOOGL,2801.15,736.0,buy,NASDAQ
tx_0002512,2025-06-15 09:36:08,V,222.48,797.0,buy,NYSE
tx_0005503,2025-06-15 09:36:09,MA,344.52,723.0,sell,NYSE
tx_0001736,2025-06-15 09:36:11,MA,344.3,531.0,sell,NYSE
tx_0005817,2025-06-15 09:36:16,NVDA,201.51,475.0,sell,NASDAQ
tx_0006704,2025-06-15 09:36:17,AAPL,150.65,842.0,sell,NASDAQ
tx_0005208,2025-06-15 09:36:23,AAPL,151.16,877.0,sell,NASDAQ
tx_0004833,2025-06-15 09:36:23,V,219.95,12.0,sell,NYSE
tx_0004443,2025-06-15 09:36:24,WMT,140.7,177.0,sell,NYSE
tx_0002741,2025-06-15 09:36:25,WMT,139.06,777.0,buy,NYSE
tx_0000275,2025-06-15 09:36:27,PG,140.37,488.0,buy,NYSE
tx_0001556,2025-06-15 09:36:28,JNJ,167.26,249.0,buy,NYSE
tx_0002278,2025-06-15 09:36:31,PYPL,248.75,776.0,sell,NASDAQ
tx_0003585,2025-06-15 09:36:36,TSLA,701.87,362.0,buy,NASDAQ
tx_0003876,2025-06-15 09:36:36,PG,139.19,255.0,sell,NYSE
tx_0005426,2025-06-15 09:36:36,TSLA,705.06,579.0,buy,NASDAQ
tx_0005392,2025-06-15 09:36:36,AAPL,150.06,335.0,sell,NASDAQ
tx_0009810,2025-06-15 09:36:37,BRK.B,282.39,717.0,buy,NYSE
tx_0002701,2025-06-15 09:36:42,FB,322.82,835.0,buy,NASDAQ
tx_0007476,2025-06-15 09:36:47,V,220.89,956.0,sell,NYSE
tx_0001043,2025-06-15 09:36:48,ADBE,594.52,147.0,sell,NASDAQ
tx_0005521,2025-06-15 09:36:49,FB,328.3,31.0,sell,NASDAQ
tx_0007522,2025-06-15 09:36:50,AAPL,150.82,,buy,NASDAQ
tx_0000200,2025-06-15 09:36:51,AMZN,3566.42,871.0,buy,NASDAQ
tx_0005349,2025-06-15 09:36:58,MCD,248.92,475.0,buy,NYSE
tx_0003362,2025-06-15 09:36:59,BRK.B,281.66,257.0,sell,NYSE
tx_0009895,2025-06-15 09:37:02,PG,139.13,465.0,buy,NYSE
tx_0003142,2025-06-15 09:37:05,TSLA,701.11,325.0,buy,NASDAQ
tx_0003482,2025-06-15 09:37:05,AMZN,3569.75,826.0,buy,NASDAQ
tx_0005806,2025-06-15 09:37:09,FB,325.7,159.0,sell,NASDAQ
tx_0000908,2025-06-15 09:37:13,KO,55.37,548.0,buy,NYSE
tx_0001614,2025-06-15 09:37:13,GOOGL,2820.88,312.0,buy,NASDAQ
tx_0002265,2025-06-15 09:37:16,PYPL,249.71,580.0,buy,NASDAQ
tx_0001546,2025-06-15 09:37:18,WMT,140.22,46.0,buy,NYSE
tx_0005529,2025-06-15 09:37:22,MSFT,298.39,839.0,sell,NASDAQ
tx_0002719,2025-06-15 09:37:22,MCD,250.26,256.0,buy,NYSE
tx_0009473,2025-06-15 09:37:24,V,218.01,955.0,sell,NYSE
tx_0001514,2025-06-15 09:37:26,TSLA,703.66,208.0,buy,NASDAQ
tx_0001537,2025-06-15 09:37:28,AAPL,151.96,424.0,buy,NASDAQ
tx_0001883,2025-06-15 09:37:29,JNJ,167.78,355.0,sell,NYSE
tx_0005260,2025-06-15 09:37:32,KO,54.72,530.0,sell,NYSE
tx_0002495,2025-06-15 09:37:33,FB,329.64,84.0,sell,NASDAQ
tx_0009961,2025-06-15 09:37:35,NVDA,199.08,933.0,buy,NASDAQ
tx_0006978,2025-06-15 09:37:39,AAPL,151.29,597.0,buy,NASDAQ
tx_0009325,2025-06-15 09:37:45,KO,54.83,176.0,,NYSE
tx_0002672,2025-06-15 09:37:54,BRK.B,278.83,209.0,sell,NYSE
tx_0000093,2025-06-15 09:37:55,MSFT,303.75,988.0,sell,NASDAQ
tx_0006995,2025-06-15 09:37:56,GOOGL,2773.6,924.0,sell,NASDAQ
tx_0008884,2025-06-15 09:37:57,AAPL,149.94,44.0,buy,NASDAQ
tx_0004498,2025-06-15 09:37:59,PEP,152.46,435.0,sell,NYSE
tx_0005040,2025-06-15 09:38:02,BRK.B,277.72,886.0,buy,NYSE
tx_0000341,2025-06-15 09:38:04,WMT,139.61,897.0,,NYSE
tx_0005422,2025-06-15 09:38:05,JNJ,169.45,352.0,sell,NYSE
tx_0004318,2025-06-15 09:38:05,MSFT,299.77,982.0,buy,NASDAQ
tx_0001110,2025-06-15 09:38:06,PG,138.07,290.0,buy,NYSE
tx_0005006,2025-06-15 09:38:09,NFLX,505.02,536.0,sell,NASDAQ
tx_0002615,2025-06-15 09:38:11,FB,324.24,298.0,sell,NASDAQ
tx_0009272,2025-06-15 09:38:18,MA,343.5,992.0,buy,NYSE
tx_0001247,2025-06-15 09:38:20,NVDA,199.94,826.0,buy,NASDAQ
tx_0002150,2025-06-15 09:38:20,PEP,151.3,393.0,buy,NYSE
tx_0007415,2025-06-15 09:38:21,MSFT,300.37,962.0,buy,NASDAQ
tx_0009948,2025-06-15 09:38:23,WMT,139.88,464.0,sell,NYSE
tx_0002869,2025-06-15 09:38:25,MSFT,303.0,548.0,sell,NASDAQ
tx_0009613,2025-06-15 09:38:29,MA,345.96,608.0,sell,NYSE
tx_0003079,2025-06-15 09:38:31,FB,325.08,33.0,sell,NASDAQ
tx_0006268,2025-06-15 09:38:32,AAPL,151.09,112.0,buy,NASDAQ
tx_0003789,2025-06-15 09:38:33,AMZN,3571.57,315.0,sell,NASDAQ
tx_0005790,2025-06-15 09:38:33,NVDA,199.35,278.0,sell,NASDAQ
tx_0002055,2025-06-15 09:38:36,ADBE,597.62,839.0,buy,NASDAQ
tx_0003167,2025-06-15 09:38:38,NVDA,197.9,715.0,sell,NASDAQ
tx_0004822,2025-06-15 09:38:42,MCD,250.42,973.0,sell,NYSE
tx_0005197,2025-06-15 09:38:44,JNJ,168.73,848.0,buy,NYSE
tx_0004229,2025-06-15 09:38:46,V,,819.0,sell,NYSE
tx_0004319,2025-06-15 09:38:50,MSFT,299.73,480.0,buy,NASDAQ
tx_0000418,2025-06-15 09:38:54,MA,341.62,461.0,buy,NYSE
tx_0007331,2025-06-15 09:38:55,MSFT,301.2,762.0,sell,NASDAQ
tx_0003969,2025-06-15 09:38:56,PYPL,251.56,620.0,buy,NASDAQ
tx_0002410,2025-06-15 09:38:58,FB,330.57,,sell,NASDAQ
tx_0008772,2025-06-15 09:39:01,PG,137.97,660.0,buy,NYSE
tx_0009997,2025-06-15 09:39:03,DIS,179.64,568.0,sell,NYSE
tx_0003322,2025-06-15 09:39:07,PEP,149.81,874.0,sell,NYSE
tx_0008997,2025-06-15 09:39:08,V,220.84,378.0,buy,
tx_0006693,2025-06-15 09:39:10,DIS,179.07,855.0,buy,NYSE
tx_0002313,2025-06-15 09:39:14,PYPL,252.22,301.0,buy,NASDAQ
tx_0002136,2025-06-15 09:39:16,PYPL,250.34,298.0,buy,NASDAQ
tx_0009716,2025-06-15 09:39:20,NFLX,498.88,10.0,buy,NASDAQ
tx_0000634,2025-06-15 09:39:23,PEP,149.66,226.0,sell,NYSE
tx_0001532,2025-06-15 09:39:24,JNJ,169.72,510.0,buy,NYSE
tx_0002275,2025-06-15 09:39:24,PYPL,251.04,357.0,sell,NASDAQ
tx_0000519,2025-06-15 09:39:28,MA,341.89,83.0,buy,NYSE
tx_0002737,2025-06-15 09:39:29,PYPL,253.22,339.0,sell,NASDAQ
tx_0006853,2025-06-15 09:39:30,BRK.B,278.91,28.0,sell,NYSE
tx_0005855,2025-06-15 09:39:32,GOOGL,2819.22,227.0,buy,NASDAQ
tx_0001079,2025-06-15 09:39:33,PYPL,251.46,505.0,buy,NASDAQ
tx_0000803,2025-06-15 09:39:33,MA,341.96,51.0,buy,NYSE
tx_0001379,2025-06-15 09:39:33,MSFT,302.85,886.0,buy,NASDAQ
tx_0005738,2025-06-15 09:39:35,KO,55.87,297.0,buy,NYSE
tx_0008796,2025-06-15 09:39:36,MA,344.2,374.0,buy,NYSE
tx_0002346,2025-06-15 09:39:38,GOOGL,2815.37,163.0,sell,NASDAQ
tx_0007572,2025-06-15 09:39:44,GOOGL,2798.39,439.0,buy,NASDAQ
tx_0000369,2025-06-15 09:39:48,ADBE,593.39,502.0,sell,NASDAQ
tx_0006422,2025-06-15 09:39:58,NVDA,200.0,582.0,sell,NASDAQ
tx_0003039,2025-06-15 09:39:59,FB,328.04,545.0,sell,NASDAQ
tx_0007528,2025-06-15 09:39:59,JNJ,168.04,951.0,sell,NYSE
tx_0006949,2025-06-15 09:39:59,MSFT,304.48,845.0,sell,NASDAQ
tx_0007952,2025-06-15 09:40:01,PG,139.29,403.0,buy,NYSE
tx_0007814,2025-06-15 09:40:07,JNJ,168.44,481.0,sell,NYSE
tx_0000058,2025-06-15 09:40:09,PEP,152.57,535.0,sell,
tx_0000153,2025-06-15 09:40:13,MA,342.04,488.0,sell,NYSE
tx_0009866,2025-06-15 09:40:19,AAPL,153.1,699.0,buy,NASDAQ
tx_0009517,2025-06-15 09:40:19,PYPL,248.8,525.0,buy,NASDAQ
tx_0003435,2025-06-15 09:40:19,NFLX,503.37,540.0,buy,NASDAQ
tx_0002203,2025-06-15 09:40:22,PG,138.77,664.0,buy,NYSE
tx_0000195,2025-06-15 09:40:23,PEP,151.08,597.0,buy,NYSE
tx_0009265,2025-06-15 09:40:25,FB,327.76,680.0,buy,NASDAQ
tx_0002727,2025-06-15 09:40:26,ADBE,595.85,45.0,buy,NASDAQ
tx_0006531,2025-06-15 09:40:28,MA,342.02,635.0,sell,NYSE
tx_0005359,2025-06-15 09:40:28,MSFT,303.78,724.0,buy,NASDAQ
tx_0007227,2025-06-15 09:40:29,NFLX,500.51,61.0,sell,NASDAQ
tx_0003970,2025-06-15 09:40:31,MA,344.95,363.0,buy,NYSE
tx_0009864,2025-06-15 09:40:32,JNJ,168.14,935.0,sell,NYSE
tx_0001771,2025-06-15 09:40:34,NVDA,200.97,438.0,sell,NASDAQ
tx_0001041,2025-06-15 09:40:37,NVDA,200.25,586.0,buy,NASDAQ
tx_0008684,2025-06-15 09:40:39,FB,328.26,864.0,sell,NASDAQ
tx_0007831,2025-06-15 09:40:40,BRK.B,278.83,693.0,sell,NYSE
tx_0000057,2025-06-15 09:40:41,TSLA,706.04,617.0,buy,NASDAQ
tx_0000919,2025-06-15 09:40:43,DIS,181.9,896.0,sell,NYSE
tx_0002556,2025-06-15 09:40:45,V,216.51,150.0,buy,NYSE
tx_0006369,2025-06-15 09:40:46,MA,345.03,580.0,buy,NYSE
tx_0004689,2025-06-15 09:40:46,AAPL,152.59,583.0,buy,NASDAQ
tx_0004599,2025-06-15 09:40:51,MCD,250.11,293.0,buy,NYSE
tx_0002284,2025-06-15 09:40:52,PG,138.63,865.0,buy,NYSE
tx_0002767,2025-06-15 09:40:52,BRK.B,281.15,522.0,sell,NYSE
tx_0008850,2025-06-15 09:40:53,DIS,180.1,194.0,sell,NYSE
tx_0002813,2025-06-15 09:40:54,JNJ,,60.0,sell,NYSE
tx_0001420,2025-06-15 09:40:55,KO,55.63,357.0,sell,NYSE
tx_0007073,2025-06-15 09:40:55,PYPL,248.65,37.0,sell,NASDAQ
tx_0002447,2025-06-15 09:40:58,AMZN,3518.27,981.0,sell,NASDAQ
tx_0005257,2025-06-15 09:40:59,JNJ,168.35,968.0,sell,NYSE
tx_0000248,2025-06-15 09:40:59,DIS,179.95,312.0,buy,NYSE
tx_0008497,2025-06-15 09:41:03,NFLX,498.96,405.0,buy,NASDAQ
tx_0004701,2025-06-15 09:41:03,MA,344.21,167.0,sell,NYSE
tx_0007058,2025-06-15 09:41:09,TSLA,707.43,417.0,buy,NASDAQ
tx_0008491,2025-06-15 09:41:09,PG,139.45,176.0,buy,NYSE
tx_0009443,2025-06-15 09:41:10,PYPL,250.5,364.0,sell,NASDAQ
tx_0004079,2025-06-15 09:41:13,V,219.39,259.0,buy,NYSE
tx_0001401,2025-06-15 09:41:14,PYPL,249.31,67.0,buy,NASDAQ
tx_0009949,2025-06-15 09:41:20,ADBE,592.31,867.0,buy,NASDAQ
tx_0009619,2025-06-15 09:41:20,BRK.B,278.3,681.0,sell,NYSE
tx_0003467,2025-06-15 09:41:21,GOOGL,2820.96,17.0,buy,NASDAQ
tx_0008529,2025-06-15 09:41:21,WMT,141.52,64.0,buy,NYSE
tx_0009351,2025-06-15 09:41:23,PYPL,251.95,13.0,buy,NASDAQ
tx_0004357,2025-06-15 09:41:24,FB,323.86,753.0,sell,NASDAQ
tx_0002064,2025-06-15 09:41:25,BRK.B,277.02,977.0,buy,NYSE
tx_0008402,2025-06-15 09:41:26,AMZN,3555.58,501.0,buy,NASDAQ
tx_0003294,2025-06-15 09:41:30,V,216.49,777.0,buy,NYSE
tx_0001133,2025-06-15 09:41:34,MCD,250.66,472.0,sell,NYSE
tx_0004199,2025-06-15 09:41:35,PYPL,251.49,642.0,sell,NASDAQ
tx_0005028,2025-06-15 09:41:38,PEP,150.62,414.0,buy,NYSE
tx_0003538,2025-06-15 09:41:38,AAPL,151.69,481.0,sell,NASDAQ
tx_0004645,2025-06-15 09:41:41,JNJ,167.71,265.0,buy,NYSE
tx_0005692,2025-06-15 09:41:41,PG,137.6,909.0,sell,NYSE
tx_0009023,2025-06-15 09:41:45,PYPL,251.67,998.0,sell,NASDAQ
tx_0008994,2025-06-15 09:41:47,AAPL,152.77,139.0,sell,NASDAQ
tx_0004217,2025-06-15 09:41:49,NFLX,491.3,211.0,sell,NASDAQ
tx_0004706,2025-06-15 09:41:50,PG,139.31,748.0,sell,NYSE
tx_0007714,2025-06-15 09:41:52,AAPL,152.78,58.0,sell,NASDAQ
tx_0002544,2025-06-15 09:41:58,PYPL,252.33,941.0,sell,NASDAQ
tx_0004662,2025-06-15 09:42:01,PG,138.8,648.0,buy,NYSE
tx_0007163,2025-06-15 09:42:01,BRK.B,281.65,959.0,buy,NYSE
tx_0008411,2025-06-15 09:42:03,AAPL,150.05,785.0,sell,NASDAQ
tx_0000442,2025-06-15 09:42:06,ADBE,586.68,293.0,sell,NASDAQ
tx_0007354,2025-06-15 09:42:11,MSFT,299.74,415.0,sell,NASDAQ
tx_0003690,2025-06-15 09:42:11,PEP,152.46,658.0,sell,NYSE
tx_0008507,2025-06-15 09:42:16,TSLA,706.5,572.0,sell,NASDAQ
tx_0008953,2025-06-15 09:42:16,MCD,249.71,163.0,buy,NYSE
tx_0002492,2025-06-15 09:42:21,BRK.B,276.68,875.0,buy,NYSE
tx_0003702,2025-06-15 09:42:21,AAPL,151.56,137.0,sell,NASDAQ
tx_0001232,2025-06-15 09:42:23,V,217.97,492.0,sell,NYSE
tx_0008933,2025-06-15 09:42:28,BRK.B,276.7,942.0,sell,NYSE
tx_0000339,2025-06-15 09:42:31,WMT,141.59,16.0,sell,NYSE
tx_0009653,2025-06-15 09:42:35,GOOGL,,868.0,sell,NASDAQ
tx_0006258,2025-06-15 09:42:35,KO,56.21,276.0,buy,NYSE
tx_0006817,2025-06-15 09:42:36,DIS,183.04,2.0,buy,NYSE
tx_0007986,2025-06-15 09:42:40,PYPL,250.3,996.0,buy,NASDAQ
tx_0006685,2025-06-15 09:42:46,ADBE,589.29,529.0,sell,NASDAQ
tx_0002678,2025-06-15 09:42:49,PEP,150.15,81.0,buy,NYSE
tx_0006604,2025-06-15 09:43:01,DIS,181.36,784.0,buy,NYSE
tx_0005904,2025-06-15 09:43:09,TSLA,700.71,165.0,buy,NASDAQ
tx_0003392,2025-06-15 09:43:16,NVDA,199.53,206.0,buy,NASDAQ
tx_0005836,2025-06-15 09:43:19,DIS,182.9,983.0,sell,NYSE
tx_0002543,2025-06-15 09:43:23,V,218.64,958.0,buy,NYSE
tx_0002127,2025-06-15 09:43:27,PYPL,250.45,142.0,sell,NASDAQ
tx_0004278,2025-06-15 09:43:28,GOOGL,2840.63,504.0,buy,NASDAQ
tx_0008383,2025-06-15 09:43:30,PEP,150.92,623.0,buy,NYSE
tx_0006355,2025-06-15 09:43:36,GOOGL,2832.76,414.0,buy,NASDAQ
tx_0007410,2025-06-15 09:43:38,AMZN,,715.0,buy,NASDAQ
tx_0007054,2025-06-15 09:43:40,BRK.B,276.89,529.0,sell,NYSE
tx_0003501,2025-06-15 09:43:47,BRK.B,279.78,909.0,buy,NYSE
tx_0004565,2025-06-15 09:43:50,ADBE,591.95,242.0,sell,NASDAQ
tx_0006729,2025-06-15 09:43:53,JNJ,165.3,956.0,sell,NYSE
tx_0004852,2025-06-15 09:44:00,NVDA,199.58,168.0,buy,NASDAQ
tx_0008110,2025-06-15 09:44:01,MCD,252.75,63.0,sell,NYSE
tx_0001789,2025-06-15 09:44:03,WMT,142.13,627.0,sell,NYSE
tx_0002353,2025-06-15 09:44:03,FB,327.66,859.0,sell,NASDAQ
tx_0005079,2025-06-15 09:44:04,BRK.B,279.4,437.0,sell,NYSE
tx_0000319,2025-06-15 09:44:08,MCD,252.61,463.0,buy,NYSE
tx_0006535,2025-06-15 09:44:11,JNJ,165.01,533.0,sell,NYSE
tx_0002272,2025-06-15 09:44:15,JNJ,165.53,658.0,buy,NYSE
tx_0002855,2025-06-15 09:44:17,DIS,180.64,655.0,buy,NYSE
tx_0007316,2025-06-15 09:44:18,PEP,152.21,722.0,sell,NYSE
tx_0009024,2025-06-15 09:44:20,PYPL,249.51,948.0,buy,NASDAQ
tx_0005449,2025-06-15 09:44:21,WMT,141.64,460.0,buy,NYSE
tx_0006508,2025-06-15 09:44:23,PG,138.97,968.0,sell,NYSE
tx_0005062,2025-06-15 09:44:26,PYPL,247.58,300.0,buy,NASDAQ
tx_0001710,2025-06-15 09:44:27,ADBE,587.02,41.0,sell,NASDAQ
tx_0004964,2025-06-15 09:44:30,WMT,141.24,889.0,buy,NYSE
tx_0000458,2025-06-15 09:44:30,JNJ,165.67,621.0,buy,NYSE
tx_0005788,2025-06-15 09:44:30,NFLX,498.19,154.0,sell,NASDAQ
tx_0006158,2025-06-15 09:44:30,DIS,183.97,556.0,buy,NYSE
tx_0004593,2025-06-15 09:44:30,DIS,181.36,315.0,buy,
tx_0006282,2025-06-15 09:44:30,FB,327.72,371.0,sell,NASDAQ
tx_0007880,2025-06-15 09:44:31,ADBE,590.08,802.0,buy,NASDAQ
tx_0009995,2025-06-15 09:44:32,MA,345.06,528.0,buy,NYSE
tx_0003473,2025-06-15 09:44:34,BRK.B,274.33,807.0,sell,NYSE
tx_0007679,2025-06-15 09:44:34,TSLA,704.33,669.0,buy,NASDAQ
tx_0005209,2025-06-15 09:44:40,GOOGL,2804.25,200.0,buy,NASDAQ
tx_0000212,2025-06-15 09:44:40,DIS,181.46,672.0,buy,NYSE
tx_0004911,2025-06-15 09:44:41,NFLX,498.42,930.0,sell,NASDAQ
tx_0007371,2025-06-15 09:44:42,FB,331.26,499.0,sell,NASDAQ
tx_0002946,2025-06-15 09:44:44,ADBE,596.54,508.0,sell,NASDAQ
tx_0008135,2025-06-15 09:44:45,DIS,183.32,28.0,buy,NYSE
tx_0000245,2025-06-15 09:44:46,ADBE,594.74,987.0,buy,NASDAQ
tx_0008075,2025-06-15 09:44:50,FB,331.46,187.0,buy,NASDAQ
tx_0001777,2025-06-15 09:44:54,MA,345.67,661.0,sell,NYSE
tx_0004875,2025-06-15 09:44:57,AMZN,3550.87,36.0,sell,NASDAQ
tx_0002579,2025-06-15 09:44:58,BRK.B,276.93,645.0,sell,NYSE
tx_0006047,2025-06-15 09:44:59,AMZN,3491.53,208.0,buy,NASDAQ
tx_0002854,2025-06-15 09:45:00,PG,140.12,469.0,sell,NYSE
tx_0006701,2025-06-15 09:45:03,PEP,151.63,242.0,buy,NYSE
tx_0005430,2025-06-15 09:45:04,DIS,183.29,626.0,sell,NYSE
tx_0000286,2025-06-15 09:45:04,PEP,149.86,668.0,sell,NYSE
tx_0002949,2025-06-15 09:45:05,TSLA,709.37,30.0,buy,NASDAQ
tx_0001010,2025-06-15 09:45:10,PEP,151.85,79.0,sell,NYSE
tx_0008147,2025-06-15 09:45:14,WMT,143.03,41.0,sell,NYSE
tx_0007825,2025-06-15 09:45:14,MCD,251.05,350.0,buy,NYSE
tx_0008472,2025-06-15 09:45:14,AMZN,3537.67,458.0,buy,NASDAQ
tx_0000511,2025-06-15 09:45:17,ADBE,598.06,342.0,sell,NASDAQ
tx_0004567,2025-06-15 09:45:21,FB,325.96,13.0,sell,NASDAQ
tx_0000152,2025-06-15 09:45:22,FB,327.6,114.0,buy,NASDAQ
tx_0005339,2025-06-15 09:45:22,MSFT,301.54,836.0,sell,NASDAQ
tx_0007817,2025-06-15 09:45:28,V,218.79,350.0,sell,NYSE
tx_0009004,2025-06-15 09:45:30,MSFT,304.23,150.0,sell,NASDAQ
tx_0003232,2025-06-15 09:45:33,AAPL,149.66,347.0,sell,NASDAQ
tx_0008309,2025-06-15 09:45:34,GOOGL,2803.7,442.0,sell,NASDAQ
tx_0009929,2025-06-15 09:45:34,PYPL,250.42,477.0,buy,NASDAQ
tx_0007708,2025-06-15 09:45:37,DIS,183.21,930.0,sell,NYSE
tx_0008071,2025-06-15 09:45:43,BRK.B,275.25,879.0,buy,NYSE
tx_0003334,2025-06-15 09:45:46,MA,342.11,713.0,sell,NYSE
tx_0000825,2025-06-15 09:45:46,PEP,149.42,831.0,buy,NYSE
tx_0005022,2025-06-15 09:45:48,AMZN,3539.68,869.0,sell,NASDAQ
tx_0002870,2025-06-15 09:45:49,FB,330.18,559.0,buy,NASDAQ
tx_0002684,2025-06-15 09:45:50,FB,329.55,540.0,buy,NASDAQ
tx_0004274,2025-06-15 09:45:51,GOOGL,2801.74,597.0,buy,NASDAQ
tx_0008493,2025-06-15 09:45:52,DIS,183.9,935.0,buy,NYSE
tx_0005287,2025-06-15 09:45:52,V,220.05,2.0,sell,NYSE
tx_0002883,2025-06-15 09:45:53,AAPL,149.49,140.0,buy,NASDAQ
tx_0009967,2025-06-15 09:45:53,TSLA,703.08,137.0,sell,NASDAQ
tx_0002565,2025-06-15 09:45:56,PEP,148.94,760.0,sell,NYSE
tx_0009698,2025-06-15 09:45:56,BRK.B,275.83,511.0,buy,NYSE
tx_0008594,2025-06-15 09:45:57,NVDA,198.04,66.0,sell,NASDAQ
tx_0003883,2025-06-15 09:45:59,DIS,183.9,579.0,sell,NYSE
tx_0001396,2025-06-15 09:46:03,TSLA,712.22,209.0,sell,NASDAQ
tx_0006029,2025-06-15 09:46:08,KO,55.89,975.0,sell,NYSE
tx_0005464,2025-06-15 09:46:10,DIS,184.63,67.0,buy,NYSE
tx_0000426,2025-06-15 09:46:12,V,,624.0,sell,NYSE
tx_0009935,2025-06-15 09:46:12,PEP,149.47,29.0,,NYSE
tx_0001113,2025-06-15 09:46:14,KO,55.68,556.0,sell,NYSE
tx_0000772,2025-06-15 09:46:18,AMZN,3488.81,731.0,sell,NASDAQ
tx_0008768,2025-06-15 09:46:18,AAPL,149.27,96.0,buy,NASDAQ
tx_0003549,2025-06-15 09:46:19,JNJ,168.69,99.0,buy,NYSE
tx_0008157,2025-06-15 09:46:20,JNJ,166.34,933.0,sell,NYSE
tx_0007262,2025-06-15 09:46:21,PEP,151.37,109.0,buy,NYSE
tx_0008454,2025-06-15 09:46:22,TSLA,712.19,600.0,buy,NASDAQ
tx_0003139,2025-06-15 09:46:23,JNJ,167.51,287.0,sell,NYSE
tx_0005407,2025-06-15 09:46:25,GOOGL,2786.33,792.0,sell,NASDAQ
tx_0007201,2025-06-15 09:46:29,BRK.B,277.16,571.0,sell,NYSE
tx_0004962,2025-06-15 09:46:32,BRK.B,,194.0,buy,NYSE
tx_0000890,2025-06-15 09:46:34,KO,56.1,776.0,buy,NYSE
tx_0004130,2025-06-15 09:46:42,MCD,253.41,370.0,sell,NYSE
tx_0007102,2025-06-15 09:46:42,TSLA,709.42,411.0,sell,NASDAQ
tx_0008930,2025-06-15 09:46:45,PYPL,246.73,665.0,sell,NASDAQ
tx_0002389,2025-06-15 09:46:48,AMZN,3493.21,650.0,sell,NASDAQ
tx_0000178,2025-06-15 09:46:50,DIS,185.36,119.0,buy,NYSE
tx_0001720,2025-06-15 09:46:59,FB,330.04,94.0,sell,NASDAQ
tx_0003610,2025-06-15 09:47:01,AAPL,149.78,842.0,buy,NASDAQ
tx_0002256,2025-06-15 09:47:02,ADBE,591.16,712.0,buy,NASDAQ
tx_0001484,2025-06-15 09:47:03,KO,55.77,617.0,sell,NYSE
tx_0002474,2025-06-15 09:47:08,WMT,143.56,366.0,buy,NYSE
tx_0006567,2025-06-15 09:47:12,GOOGL,2792.48,684.0,buy,NASDAQ
tx_0009437,2025-06-15 09:47:17,TSLA,711.81,353.0,buy,NASDAQ
tx_0002162,2025-06-15 09:47:19,NVDA,200.28,794.0,sell,NASDAQ
tx_0006960,2025-06-15 09:47:20,MCD,252.57,929.0,buy,NYSE
tx_0006362,2025-06-15 09:47:24,NVDA,198.88,692.0,buy,NASDAQ
tx_0009611,2025-06-15 09:47:24,PG,139.08,641.0,sell,NYSE
tx_0001086,2025-06-15 09:47:24,PYPL,247.39,859.0,sell,NASDAQ
tx_0002740,2025-06-15 09:47:28,MSFT,305.18,149.0,sell,
tx_0003048,2025-06-15 09:47:31,PEP,148.92,724.0,sell,NYSE
tx_0008290,2025-06-15 09:47:31,PG,138.15,384.0,sell,NYSE
tx_0007506,2025-06-15 09:47:33,MSFT,306.2,533.0,sell,NASDAQ
tx_0006429,2025-06-15 09:47:34,V,218.91,109.0,buy,NYSE
tx_0006128,2025-06-15 09:47:35,NFLX,499.4,48.0,buy,NASDAQ
tx_0009134,2025-06-15 09:47:37,NFLX,492.99,549.0,buy,NASDAQ
tx_0008054,2025-06-15 09:47:38,PEP,150.39,952.0,sell,NYSE
tx_0001831,2025-06-15 09:47:40,PG,138.37,378.0,buy,NYSE
tx_0000114,2025-06-15 09:47:40,PG,137.57,386.0,buy,NYSE
tx_0007014,2025-06-15 09:47:45,ADBE,595.28,383.0,sell,NASDAQ
tx_0000316,2025-06-15 09:47:48,PYPL,249.04,294.0,sell,NASDAQ
tx_0006328,2025-06-15 09:47:51,JNJ,165.74,971.0,buy,NYSE
tx_0004291,2025-06-15 09:47:53,PG,138.4,138.0,sell,NYSE
tx_0007864,2025-06-15 09:47:54,NFLX,497.89,7.0,buy,NASDAQ
tx_0008871,2025-06-15 09:47:59,KO,55.61,876.0,buy,NYSE
tx_0000263,2025-06-15 09:47:59,AMZN,3486.54,743.0,buy,NASDAQ
tx_0007285,2025-06-15 09:48:03,PG,139.91,499.0,sell,NYSE
tx_0001658,2025-06-15 09:48:05,JNJ,166.57,174.0,sell,NYSE
tx_0002097,2025-06-15 09:48:05,GOOGL,2812.55,315.0,sell,NASDAQ
tx_0001067,2025-06-15 09:48:10,PYPL,247.83,380.0,sell,NASDAQ
tx_0006210,2025-06-15 09:48:13,NFLX,493.44,404.0,buy,NASDAQ
tx_0004644,2025-06-15 09:48:16,MCD,252.32,878.0,sell,NYSE
tx_0009742,2025-06-15 09:48:19,MA,344.47,84.0,buy,NYSE
tx_0007753,2025-06-15 09:48:20,NFLX,493.25,852.0,sell,NASDAQ
tx_0002299,2025-06-15 09:48:22,ADBE,599.88,538.0,sell,NASDAQ
tx_0009037,2025-06-15 09:48:23,MSFT,304.74,138.0,buy,NASDAQ
tx_0007090,2025-06-15 09:48:25,NVDA,200.45,147.0,buy,NASDAQ
tx_0002690,2025-06-15 09:48:26,MA,349.94,987.0,buy,NYSE
tx_0008040,2025-06-15 09:48:26,DIS,185.5,699.0,buy,NYSE
tx_0006050,2025-06-15 09:48:28,AMZN,3539.08,36.0,sell,NASDAQ
tx_0005415,2025-06-15 09:48:31,GOOGL,2809.3,630.0,sell,NASDAQ
tx_0005830,2025-06-15 09:48:32,AMZN,3494.3,474.0,buy,NASDAQ
tx_0009537,2025-06-15 09:48:34,MSFT,305.44,290.0,sell,NASDAQ
tx_0006963,2025-06-15 09:48:35,NVDA,202.23,788.0,sell,NASDAQ
tx_0004858,2025-06-15 09:48:37,MSFT,305.67,148.0,buy,NASDAQ
tx_0000706,2025-06-15 09:48:41,PG,138.24,17.0,buy,NYSE
tx_0001128,2025-06-15 09:48:42,WMT,144.01,734.0,,NYSE
tx_0006670,2025-06-15 09:48:43,PEP,151.75,957.0,sell,NYSE
tx_0000026,2025-06-15 09:48:44,PG,140.7,315.0,buy,NYSE
tx_0007894,2025-06-15 09:48:46,MA,346.95,655.0,sell,NYSE
tx_0002159,2025-06-15 09:48:48,GOOGL,2791.55,55.0,sell,NASDAQ
tx_0006997,2025-06-15 09:48:48,FB,330.91,709.0,sell,NASDAQ
tx_0008225,2025-06-15 09:48:49,AAPL,148.08,311.0,sell,NASDAQ
tx_0009088,2025-06-15 09:48:50,PEP,150.84,216.0,buy,NYSE
tx_0008568,2025-06-15 09:48:53,JNJ,166.47,345.0,sell,NYSE
tx_0003156,2025-06-15 09:48:54,FB,327.41,990.0,buy,NASDAQ
tx_0007968,2025-06-15 09:48:55,MSFT,299.92,980.0,buy,NASDAQ
tx_0000924,2025-06-15 09:48:55,PG,,266.0,sell,NYSE
tx_0006863,2025-06-15 09:48:56,V,,834.0,buy,NYSE
tx_0000025,2025-06-15 09:48:56,AMZN,3536.17,579.0,buy,NASDAQ
tx_0001975,2025-06-15 09:49:01,DIS,183.75,843.0,sell,NYSE
tx_0005091,2025-06-15 09:49:06,GOOGL,2810.73,285.0,sell,NASDAQ
tx_0001956,2025-06-15 09:49:06,PYPL,245.69,569.0,sell,NASDAQ
tx_0007559,2025-06-15 09:49:12,TSLA,718.25,844.0,sell,NASDAQ
tx_0009835,2025-06-15 09:49:16,PEP,151.63,593.0,sell,NYSE
tx_0009283,2025-06-15 09:49:19,V,218.91,466.0,buy,NYSE
tx_0005057,2025-06-15 09:49:20,PYPL,,370.0,buy,NASDAQ
tx_0008148,2025-06-15 09:49:24,TSLA,719.05,681.0,buy,NASDAQ
tx_0005109,2025-06-15 09:49:27,MSFT,302.67,242.0,buy,NASDAQ
tx_0009800,2025-06-15 09:49:29,DIS,182.79,235.0,sell,NYSE
tx_0007832,2025-06-15 09:49:34,KO,56.62,225.0,buy,NYSE
tx_0004564,2025-06-15 09:49:35,ADBE,595.98,99.0,buy,NASDAQ
tx_0008063,2025-06-15 09:49:36,AAPL,151.0,905.0,sell,NASDAQ
tx_0004158,2025-06-15 09:49:36,AMZN,3498.0,640.0,sell,NASDAQ
tx_0005316,2025-06-15 09:49:41,MSFT,305.53,545.0,buy,NASDAQ
tx_0007953,2025-06-15 09:49:43,MSFT,304.68,773.0,buy,NASDAQ
tx_0001942,2025-06-15 09:49:44,KO,56.04,100.0,buy,NYSE
tx_0000008,2025-06-15 09:49:46,V,219.8,422.0,sell,NYSE
tx_0001637,2025-06-15 09:49:46,MA,344.12,836.0,buy,NYSE
tx_0005403,2025-06-15 09:49:46,AAPL,149.09,41.0,buy,NASDAQ
tx_0002315,2025-06-15 09:49:47,TSLA,704.7,402.0,buy,NASDAQ
tx_0000507,2025-06-15 09:49:50,PG,139.71,601.0,buy,NYSE
tx_0003796,2025-06-15 09:49:50,AAPL,148.85,47.0,sell,NASDAQ
tx_0001834,2025-06-15 09:49:52,WMT,144.12,660.0,sell,NYSE
tx_0004338,2025-06-15 09:49:53,WMT,142.29,653.0,sell,NYSE
tx_0001450,2025-06-15 09:49:54,V,221.82,54.0,buy,NYSE
tx_0000139,2025-06-15 09:49:55,WMT,142.17,759.0,buy,NYSE
tx_0000602,2025-06-15 09:49:56,DIS,185.43,818.0,buy,NYSE
tx_0003365,2025-06-15 09:49:56,PEP,151.6,624.0,sell,NYSE
tx_0005862,2025-06-15 09:49:59,PYPL,248.78,647.0,buy,NASDAQ
tx_0006275,2025-06-15 09:50:02,V,217.98,290.0,sell,NYSE
tx_0009639,2025-06-15 09:50:04,PG,139.9,162.0,sell,NYSE
tx_0005630,2025-06-15 09:50:05,MSFT,301.93,535.0,sell,NASDAQ
tx_0001853,2025-06-15 09:50:05,TSLA,710.7,644.0,sell,NASDAQ
tx_0004657,2025-06-15 09:50:05,AAPL,149.46,318.0,buy,NASDAQ
tx_0009398,2025-06-15 09:50:10,AMZN,3525.67,808.0,buy,NASDAQ
tx_0005016,2025-06-15 09:50:10,V,222.1,994.0,sell,NYSE
tx_0005289,2025-06-15 09:50:10,PYPL,246.14,693.0,buy,NASDAQ
tx_0004507,2025-06-15 09:50:11,MCD,254.48,365.0,sell,NYSE
tx_0002851,2025-06-15 09:50:14,MA,348.72,863.0,sell,NYSE
tx_0002394,2025-06-15 09:50:15,NVDA,201.88,230.0,buy,NASDAQ
tx_0003132,2025-06-15 09:50:17,MA,347.73,992.0,buy,NYSE
tx_0009788,2025-06-15 09:50:18,BRK.B,277.15,982.0,sell,NYSE
tx_0008310,2025-06-15 09:50:19,MCD,252.73,618.0,sell,NYSE
tx_0002166,2025-06-15 09:50:20,V,218.31,269.0,buy,
tx_0000559,2025-06-15 09:50:22,WMT,142.71,572.0,buy,NYSE
tx_0003214,2025-06-15 09:50:24,JNJ,166.91,907.0,buy,NYSE
tx_0000867,2025-06-15 09:50:24,TSLA,705.9,749.0,buy,NASDAQ
tx_0004238,2025-06-15 09:50:26,DIS,184.93,343.0,sell,NYSE
tx_0002060,2025-06-15 09:50:28,PYPL,247.35,926.0,buy,NASDAQ
tx_0005979,2025-06-15 09:50:29,MCD,252.76,739.0,buy,NYSE
tx_0003275,2025-06-15 09:50:31,BRK.B,273.21,108.0,sell,NYSE
tx_0004506,2025-06-15 09:50:37,DIS,185.31,881.0,buy,NYSE
tx_0005581,2025-06-15 09:50:38,MSFT,301.19,696.0,buy,NASDAQ
tx_0005236,2025-06-15 09:50:39,MCD,254.63,377.0,sell,NYSE
tx_0009562,2025-06-15 09:50:39,MCD,251.42,862.0,buy,NYSE
tx_0003979,2025-06-15 09:50:39,TSLA,708.24,994.0,buy,NASDAQ
tx_0000049,2025-06-15 09:50:43,TSLA,710.04,415.0,sell,NASDAQ
tx_0001924,2025-06-15 09:50:44,MSFT,304.5,684.0,sell,NASDAQ
tx_0008539,2025-06-15 09:50:45,NVDA,201.56,293.0,buy,NASDAQ
tx_0000902,2025-06-15 09:50:48,NVDA,202.36,853.0,sell,NASDAQ
tx_0004501,2025-06-15 09:50:56,AAPL,149.79,895.0,sell,NASDAQ
tx_0000755,2025-06-15 09:51:04,NFLX,498.27,150.0,buy,NASDAQ
tx_0009897,2025-06-15 09:51:06,PEP,150.43,183.0,buy,NYSE
tx_0000675,2025-06-15 09:51:19,TSLA,711.09,950.0,sell,NASDAQ
tx_0006700,2025-06-15 09:51:22,FB,329.57,65.0,buy,NASDAQ
tx_0001752,2025-06-15 09:51:22,JNJ,167.87,716.0,buy,NYSE
tx_0008119,2025-06-15 09:51:30,GOOGL,2830.04,213.0,buy,NASDAQ
tx_0008161,2025-06-15 09:51:31,KO,56.34,764.0,buy,NYSE
tx_0007550,2025-06-15 09:51:33,KO,56.02,365.0,sell,NYSE
tx_0008897,2025-06-15 09:51:36,NVDA,199.34,350.0,sell,NASDAQ
tx_0009919,2025-06-15 09:51:38,PEP,,940.0,buy,NYSE
tx_0006774,2025-06-15 09:51:38,PYPL,247.69,32.0,buy,NASDAQ
tx_0008200,2025-06-15 09:51:39,KO,55.72,413.0,sell,NYSE
tx_0009920,2025-06-15 09:51:43,PYPL,248.42,898.0,sell,NASDAQ
tx_0001620,2025-06-15 09:51:44,NVDA,199.57,310.0,buy,NASDAQ
tx_0008547,2025-06-15 09:51:47,PG,140.28,346.0,buy,NYSE
tx_0002240,2025-06-15 09:51:47,MCD,256.21,313.0,buy,NYSE
tx_0001584,2025-06-15 09:51:53,TSLA,704.23,549.0,buy,NASDAQ
tx_0007413,2025-06-15 09:51:55,FB,325.06,,buy,NASDAQ
tx_0004592,2025-06-15 09:51:56,JNJ,167.19,568.0,sell,NYSE
tx_0008044,2025-06-15 09:51:56,GOOGL,2854.41,750.0,buy,NASDAQ
tx_0009837,2025-06-15 09:51:57,ADBE,598.5,92.0,sell,NASDAQ
tx_0009496,2025-06-15 09:52:08,FB,327.17,15.0,buy,NASDAQ
tx_0008102,2025-06-15 09:52:09,MCD,251.96,863.0,buy,NYSE
tx_0006455,2025-06-15 09:52:09,JNJ,165.74,434.0,buy,NYSE
tx_0008029,2025-06-15 09:52:10,PYPL,248.53,3.0,sell,NASDAQ
tx_0006037,2025-06-15 09:52:12,BRK.B,276.34,586.0,buy,NYSE
tx_0009737,2025-06-15 09:52:15,ADBE,596.64,101.0,sell,NASDAQ
tx_0007005,2025-06-15 09:52:16,DIS,184.56,298.0,buy,NYSE
tx_0008932,2025-06-15 09:52:17,MA,344.21,682.0,sell,NYSE
tx_0008374,2025-06-15 09:52:21,PEP,150.89,6.0,sell,NYSE
tx_0003022,2025-06-15 09:52:25,NVDA,201.81,799.0,buy,NASDAQ
tx_0002470,2025-06-15 09:52:26,MA,347.07,319.0,sell,NYSE
tx_0000847,2025-06-15 09:52:27,GOOGL,2847.03,576.0,sell,NASDAQ
tx_0001701,2025-06-15 09:52:27,V,220.25,410.0,sell,NYSE
tx_0005249,2025-06-15 09:52:30,TSLA,709.64,480.0,buy,NASDAQ
tx_0004770,2025-06-15 09:52:33,MCD,255.47,888.0,buy,NYSE
tx_0003844,2025-06-15 09:52:34,MA,347.97,282.0,buy,NYSE
tx_0002583,2025-06-15 09:52:35,NVDA,198.23,865.0,sell,NASDAQ
tx_0006849,2025-06-15 09:52:36,NVDA,201.96,414.0,sell,NASDAQ
tx_0006181,2025-06-15 09:52:37,ADBE,608.89,891.0,buy,NASDAQ
tx_0002372,2025-06-15 09:52:38,PYPL,243.59,379.0,buy,NASDAQ
tx_0008445,2025-06-15 09:52:40,AMZN,3568.14,336.0,sell,NASDAQ
tx_0003416,2025-06-15 09:52:41,MCD,252.87,70.0,buy,NYSE
tx_0007670,2025-06-15 09:52:42,WMT,142.54,555.0,buy,NYSE
tx_0004694,2025-06-15 09:52:48,DIS,185.23,864.0,buy,NYSE
tx_0007377,2025-06-15 09:52:49,NFLX,495.21,127.0,buy,NASDAQ
tx_0004978,2025-06-15 09:52:50,JNJ,164.96,205.0,buy,NYSE
tx_0005539,2025-06-15 09:52:51,NFLX,501.17,44.0,buy,NASDAQ
tx_0000711,2025-06-15 09:52:54,NVDA,202.06,56.0,buy,NASDAQ
tx_0003421,2025-06-15 09:52:58,MSFT,302.8,577.0,buy,NASDAQ
tx_0009722,2025-06-15 09:52:59,AAPL,148.4,459.0,sell,NASDAQ
tx_0006231,2025-06-15 09:53:02,MA,342.62,442.0,buy,NYSE
tx_0006075,2025-06-15 09:53:02,PYPL,246.03,307.0,sell,NASDAQ
tx_0004928,2025-06-15 09:53:04,GOOGL,2825.98,981.0,sell,NASDAQ
tx_0009661,2025-06-15 09:53:05,MA,342.41,256.0,sell,NYSE
tx_0002876,2025-06-15 09:53:07,JNJ,166.11,868.0,buy,NYSE
tx_0001512,2025-06-15 09:53:09,PEP,151.93,676.0,sell,NYSE
tx_0007491,2025-06-15 09:53:10,AMZN,3510.15,489.0,sell,NASDAQ
tx_0000563,2025-06-15 09:53:11,ADBE,598.75,597.0,buy,NASDAQ
tx_0008046,2025-06-15 09:53:12,JNJ,166.43,349.0,buy,NYSE
tx_0004868,2025-06-15 09:53:20,NVDA,201.48,688.0,buy,NASDAQ
tx_0004110,2025-06-15 09:53:21,AMZN,3502.21,656.0,buy,NASDAQ
tx_0001618,2025-06-15 09:53:26,MCD,253.61,376.0,sell,NYSE
tx_0004040,2025-06-15 09:53:27,DIS,184.87,594.0,buy,NYSE
tx_0006691,2025-06-15 09:53:37,DIS,184.62,276.0,buy,NYSE
tx_0009764,2025-06-15 09:53:37,WMT,142.95,936.0,sell,NYSE
tx_0006295,2025-06-15 09:53:38,V,217.57,741.0,buy,
tx_0007259,2025-06-15 09:53:38,JNJ,166.27,827.0,sell,NYSE
tx_0003241,2025-06-15 09:53:41,MCD,255.94,141.0,sell,NYSE
tx_0003500,2025-06-15 09:53:42,GOOGL,2856.17,82.0,buy,NASDAQ
tx_0000430,2025-06-15 09:53:46,MA,343.5,742.0,buy,NYSE
tx_0006886,2025-06-15 09:53:54,MCD,256.17,712.0,buy,NYSE
tx_0000871,2025-06-15 09:54:01,MA,344.9,301.0,sell,NYSE
tx_0003977,2025-06-15 09:54:04,WMT,142.78,949.0,buy,NYSE
tx_0006417,2025-06-15 09:54:05,NFLX,494.73,208.0,sell,NASDAQ
tx_0007426,2025-06-15 09:54:08,ADBE,603.75,389.0,buy,NASDAQ
tx_0004222,2025-06-15 09:54:09,MA,347.14,374.0,buy,NYSE
tx_0001148,2025-06-15 09:54:13,AMZN,3573.52,,buy,NASDAQ
tx_0003732,2025-06-15 09:54:17,FB,332.31,,sell,NASDAQ
tx_0000145,2025-06-15 09:54:20,MA,344.18,949.0,sell,NYSE
tx_0007082,2025-06-15 09:54:21,JNJ,166.32,657.0,buy,NYSE
tx_0001936,2025-06-15 09:54:26,PG,141.55,374.0,buy,NYSE
tx_0003788,2025-06-15 09:54:29,NVDA,201.13,670.0,buy,NASDAQ
tx_0009998,2025-06-15 09:54:30,GOOGL,2818.05,306.0,buy,NASDAQ
tx_0005991,2025-06-15 09:54:30,PEP,151.57,547.0,sell,NYSE
tx_0006776,2025-06-15 09:54:32,TSLA,711.94,806.0,buy,NASDAQ
tx_0001605,2025-06-15 09:54:33,MA,345.33,664.0,buy,NYSE
tx_0008120,2025-06-15 09:54:35,NVDA,200.17,578.0,buy,NASDAQ
tx_0008106,2025-06-15 09:54:37,KO,56.55,52.0,buy,NYSE
tx_0003661,2025-06-15 09:54:39,NVDA,199.85,930.0,sell,NASDAQ
tx_0003737,2025-06-15 09:54:39,NFLX,493.83,661.0,sell,NASDAQ
tx_0006287,2025-06-15 09:54:41,AMZN,3552.35,18.0,sell,NASDAQ
tx_0000110,2025-06-15 09:54:44,PYPL,245.78,468.0,sell,NASDAQ
tx_0004340,2025-06-15 09:54:45,GOOGL,2843.63,190.0,sell,NASDAQ
tx_0009892,2025-06-15 09:54:48,JNJ,167.81,471.0,sell,NYSE
tx_0001535,2025-06-15 09:54:53,DIS,184.14,73.0,buy,NYSE
tx_0008792,2025-06-15 09:54:56,AAPL,150.54,991.0,buy,NASDAQ
tx_0000903,2025-06-15 09:54:58,PYPL,247.81,409.0,sell,NASDAQ
tx_0002062,2025-06-15 09:55:01,MCD,254.33,83.0,buy,NYSE
tx_0006232,2025-06-15 09:55:01,ADBE,595.39,802.0,sell,NASDAQ
tx_0005963,2025-06-15 09:55:03,ADBE,602.61,803.0,buy,NASDAQ
tx_0008042,2025-06-15 09:55:03,FB,333.05,94.0,sell,NASDAQ
tx_0007686,2025-06-15 09:55:05,V,219.81,501.0,buy,NYSE
tx_0008183,2025-06-15 09:55:05,ADBE,601.88,1000.0,buy,NASDAQ
tx_0008241,2025-06-15 09:55:12,AAPL,150.44,44.0,buy,NASDAQ
tx_0009677,2025-06-15 09:55:15,KO,56.1,614.0,sell,NYSE
tx_0000905,2025-06-15 09:55:17,FB,329.13,928.0,buy,NASDAQ
tx_0004613,2025-06-15 09:55:19,PG,138.82,177.0,sell,NYSE
tx_0005165,2025-06-15 09:55:21,PEP,149.69,365.0,buy,NYSE
tx_0002325,2025-06-15 09:55:27,BRK.B,276.4,916.0,buy,NYSE
tx_0000768,2025-06-15 09:55:28,DIS,186.71,47.0,sell,NYSE
tx_0001097,2025-06-15 09:55:31,GOOGL,2840.86,213.0,buy,NASDAQ
tx_0004342,2025-06-15 09:55:32,WMT,143.66,128.0,sell,NYSE
tx_0008061,2025-06-15 09:55:32,KO,56.39,967.0,buy,NYSE
tx_0008523,2025-06-15 09:55:32,MSFT,299.45,309.0,sell,NASDAQ
tx_0004897,2025-06-15 09:55:33,GOOGL,2879.28,250.0,sell,NASDAQ
tx_0003927,2025-06-15 09:55:34,AAPL,147.93,312.0,buy,NASDAQ
tx_0002316,2025-06-15 09:55:37,MCD,252.47,678.0,buy,NYSE
tx_0001900,2025-06-15 09:55:44,ADBE,602.84,730.0,sell,NASDAQ
tx_0005859,2025-06-15 09:55:46,AMZN,3542.73,752.0,buy,NASDAQ
tx_0000498,2025-06-15 09:55:47,JNJ,169.16,562.0,sell,NYSE
tx_0005300,2025-06-15 09:55:48,V,219.59,399.0,buy,NYSE
tx_0009731,2025-06-15 09:55:49,PYPL,248.71,415.0,buy,NASDAQ
tx_0003652,2025-06-15 09:55:51,AMZN,3584.41,673.0,buy,NASDAQ
tx_0006808,2025-06-15 09:55:54,MSFT,304.01,941.0,sell,NASDAQ
tx_0001378,2025-06-15 09:55:59,ADBE,595.35,601.0,buy,NASDAQ
tx_0009367,2025-06-15 09:56:01,FB,333.75,64.0,sell,NASDAQ
tx_0006634,2025-06-15 09:56:01,NFLX,499.57,351.0,buy,NASDAQ
tx_0003982,2025-06-15 09:56:02,DIS,186.39,713.0,buy,NYSE
tx_0001947,2025-06-15 09:56:03,AAPL,148.11,332.0,sell,NASDAQ
tx_0008717,2025-06-15 09:56:05,MSFT,302.72,463.0,sell,NASDAQ
tx_0008642,2025-06-15 09:56:05,V,219.4,66.0,buy,NYSE
tx_0003776,2025-06-15 09:56:10,ADBE,592.66,494.0,buy,NASDAQ
tx_0003797,2025-06-15 09:56:15,NFLX,493.18,544.0,buy,NASDAQ
tx_0002051,2025-06-15 09:56:16,AMZN,3581.67,686.0,buy,NASDAQ
tx_0001806,2025-06-15 09:56:16,ADBE,594.55,110.0,buy,NASDAQ
tx_0002782,2025-06-15 09:56:19,DIS,186.3,182.0,buy,NYSE
tx_0001674,2025-06-15 09:56:21,WMT,141.71,812.0,buy,NYSE
tx_0001684,2025-06-15 09:56:25,PYPL,246.44,352.0,sell,NASDAQ
tx_0008439,2025-06-15 09:56:26,TSLA,708.25,408.0,buy,NASDAQ
tx_0000558,2025-06-15 09:56:27,AAPL,149.59,41.0,buy,NASDAQ
tx_0001367,2025-06-15 09:56:28,PG,141.49,621.0,buy,NYSE
tx_0000465,2025-06-15 09:56:29,PYPL,248.56,608.0,sell,NASDAQ
tx_0009996,2025-06-15 09:56:33,PYPL,248.36,388.0,sell,NASDAQ
tx_0006921,2025-06-15 09:56:38,PG,139.17,169.0,sell,NYSE
tx_0000409,2025-06-15 09:56:42,ADBE,599.68,249.0,sell,NASDAQ
tx_0002307,2025-06-15 09:56:43,ADBE,593.43,885.0,sell,NASDAQ
tx_0006344,2025-06-15 09:56:44,DIS,186.93,500.0,buy,NYSE
tx_0006363,2025-06-15 09:56:45,BRK.B,275.52,603.0,buy,NYSE
tx_0004622,2025-06-15 09:56:45,NFLX,498.67,697.0,buy,NASDAQ
tx_0007046,2025-06-15 09:56:47,TSLA,712.58,767.0,buy,NASDAQ
tx_0001604,2025-06-15 09:56:51,KO,56.13,368.0,sell,NYSE
tx_0002210,2025-06-15 09:56:56,AMZN,3543.01,44.0,buy,NASDAQ
tx_0005590,2025-06-15 09:56:56,MSFT,299.55,21.0,buy,NASDAQ
tx_0004740,2025-06-15 09:57:01,MA,347.84,612.0,buy,NYSE
tx_0001069,2025-06-15 09:57:05,FB,334.26,30.0,buy,NASDAQ
tx_0005773,2025-06-15 09:57:05,FB,329.09,255.0,sell,NASDAQ
tx_0003050,2025-06-15 09:57:09,NVDA,199.34,543.0,sell,NASDAQ
tx_0000504,2025-06-15 09:57:12,TSLA,707.47,692.0,buy,NASDAQ
tx_0001534,2025-06-15 09:57:13,AMZN,3559.56,523.0,sell,NASDAQ
tx_0000696,2025-06-15 09:57:14,GOOGL,2852.44,781.0,sell,NASDAQ
tx_0009768,2025-06-15 09:57:15,MSFT,299.68,373.0,sell,NASDAQ
tx_0005121,2025-06-15 09:57:20,PYPL,248.73,429.0,sell,NASDAQ
tx_0007348,2025-06-15 09:57:21,PEP,150.46,839.0,buy,NYSE
tx_0008972,2025-06-15 09:57:25,MSFT,303.65,,sell,NASDAQ
tx_0004297,2025-06-15 09:57:27,NFLX,499.98,983.0,buy,NASDAQ
tx_0003439,2025-06-15 09:57:27,WMT,141.8,577.0,sell,NYSE
tx_0002932,2025-06-15 09:57:29,TSLA,719.72,665.0,buy,NASDAQ
tx_0002154,2025-06-15 09:57:31,PG,141.92,528.0,sell,NYSE
tx_0005412,2025-06-15 09:57:34,GOOGL,2820.73,784.0,buy,NASDAQ
tx_0003195,2025-06-15 09:57:34,NFLX,499.63,737.0,sell,NASDAQ
tx_0008253,2025-06-15 09:57:39,AMZN,3531.0,544.0,buy,NASDAQ
tx_0009256,2025-06-15 09:57:41,WMT,143.71,120.0,sell,NYSE
tx_0001233,2025-06-15 09:57:41,MA,346.89,432.0,sell,NYSE
tx_0003570,2025-06-15 09:57:48,JNJ,169.06,144.0,buy,NYSE
tx_0003218,2025-06-15 09:57:49,ADBE,599.51,383.0,buy,NASDAQ
tx_0003057,2025-06-15 09:57:50,WMT,142.88,781.0,sell,NYSE
tx_0003221,2025-06-15 09:57:54,MCD,256.1,505.0,,NYSE
tx_0002475,2025-06-15 09:57:57,MSFT,300.22,849.0,sell,NASDAQ
tx_0006832,2025-06-15 09:57:58,MCD,253.93,50.0,sell,NYSE
tx_0007162,2025-06-15 09:58:00,NVDA,199.88,74.0,buy,NASDAQ
tx_0006679,2025-06-15 09:58:01,FB,328.69,,buy,NASDAQ
tx_0000429,2025-06-15 09:58:04,FB,333.58,750.0,buy,NASDAQ
tx_0005018,2025-06-15 09:58:06,NVDA,200.67,594.0,sell,NASDAQ
tx_0005845,2025-06-15 09:58:09,NVDA,200.34,930.0,buy,NASDAQ
tx_0007569,2025-06-15 09:58:11,MA,348.07,165.0,buy,NYSE
tx_0007852,2025-06-15 09:58:13,MSFT,302.64,44.0,sell,NASDAQ
tx_0007108,2025-06-15 09:58:18,MSFT,300.51,118.0,,NASDAQ
tx_0008577,2025-06-15 09:58:18,AAPL,148.33,392.0,sell,NASDAQ
tx_0009230,2025-06-15 09:58:21,FB,330.32,203.0,sell,NASDAQ
tx_0001610,2025-06-15 09:58:23,AAPL,150.53,336.0,,NASDAQ
tx_0004331,2025-06-15 09:58:23,JNJ,168.13,276.0,buy,NYSE
tx_0009354,2025-06-15 09:58:24,PEP,149.62,82.0,sell,NYSE
tx_0006810,2025-06-15 09:58:25,FB,330.61,805.0,buy,NASDAQ
tx_0002863,2025-06-15 09:58:26,MSFT,298.05,810.0,sell,NASDAQ
tx_0001932,2025-06-15 09:58:29,DIS,185.44,418.0,sell,NYSE
tx_0000556,2025-06-15 09:58:30,PYPL,248.11,505.0,buy,NASDAQ
tx_0003972,2025-06-15 09:58:31,AMZN,3545.57,476.0,sell,NASDAQ
tx_0009247,2025-06-15 09:58:32,BRK.B,277.74,1000.0,sell,NYSE
tx_0007613,2025-06-15 09:58:33,FB,332.78,267.0,sell,NASDAQ
tx_0000625,2025-06-15 09:58:33,JNJ,168.92,976.0,buy,NYSE
tx_0008488,2025-06-15 09:58:34,WMT,143.94,261.0,sell,NYSE
tx_0003628,2025-06-15 09:58:35,PG,139.67,590.0,buy,NYSE
tx_0002115,2025-06-15 09:58:43,JNJ,167.28,34.0,buy,NYSE
tx_0009982,2025-06-15 09:58:45,AMZN,3539.51,432.0,sell,NASDAQ
tx_0004725,2025-06-15 09:58:49,WMT,144.28,507.0,sell,NYSE
tx_0004563,2025-06-15 09:58:51,KO,55.63,929.0,buy,NYSE
tx_0009773,2025-06-15 09:58:51,WMT,142.31,600.0,buy,NYSE
tx_0007999,2025-06-15 09:58:55,NFLX,501.54,270.0,buy,NASDAQ
tx_0002664,2025-06-15 09:58:59,AAPL,147.55,129.0,buy,NASDAQ
tx_0004846,2025-06-15 09:59:05,AMZN,3570.69,805.0,buy,NASDAQ
tx_0009208,2025-06-15 09:59:08,DIS,185.18,963.0,sell,NYSE
tx_0007854,2025-06-15 09:59:09,TSLA,709.26,760.0,sell,NASDAQ
tx_0000201,2025-06-15 09:59:09,TSLA,711.1,621.0,buy,NASDAQ
tx_0005840,2025-06-15 09:59:11,MA,347.01,241.0,sell,NYSE
tx_0006338,2025-06-15 09:59:13,MA,350.85,348.0,sell,NYSE
tx_0009524,2025-06-15 09:59:16,V,218.03,59.0,sell,NYSE
tx_0001830,2025-06-15 09:59:18,DIS,184.96,817.0,buy,NYSE
tx_0009288,2025-06-15 09:59:20,NVDA,200.95,98.0,buy,NASDAQ
tx_0003255,2025-06-15 09:59:24,NFLX,496.25,137.0,buy,NASDAQ
tx_0001801,2025-06-15 09:59:27,ADBE,592.0,431.0,buy,NASDAQ
tx_0004002,2025-06-15 09:59:28,ADBE,586.62,57.0,sell,NASDAQ
tx_0005792,2025-06-15 09:59:31,PYPL,248.94,674.0,buy,NASDAQ
tx_0006420,2025-06-15 09:59:33,DIS,184.82,779.0,buy,NYSE
tx_0004619,2025-06-15 09:59:34,PG,139.95,355.0,buy,NYSE
tx_0007405,2025-06-15 09:59:37,PEP,150.44,138.0,sell,NYSE
tx_0002588,2025-06-15 09:59:38,GOOGL,2841.57,56.0,buy,NASDAQ
tx_0007121,2025-06-15 09:59:39,MA,352.32,295.0,buy,NYSE
tx_0007421,2025-06-15 09:59:41,JNJ,167.57,933.0,buy,NYSE
tx_0007013,2025-06-15 09:59:42,AAPL,148.01,69.0,buy,NASDAQ
tx_0005169,2025-06-15 09:59:43,NFLX,500.45,712.0,sell,NASDAQ
tx_0007980,2025-06-15 09:59:43,BRK.B,277.03,363.0,sell,NYSE
tx_0005534,2025-06-15 09:59:44,AAPL,149.87,752.0,buy,NASDAQ
tx_0005869,2025-06-15 09:59:47,MA,348.22,705.0,sell,NYSE
tx_0004738,2025-06-15 09:59:49,MSFT,298.25,229.0,buy,NASDAQ
tx_0001005,2025-06-15 09:59:50,MSFT,301.23,893.0,buy,NASDAQ
tx_0004095,2025-06-15 09:59:50,TSLA,713.86,358.0,sell,NASDAQ
tx_0002788,2025-06-15 09:59:54,PG,140.56,814.0,buy,NYSE
tx_0004885,2025-06-15 09:59:56,PG,140.04,378.0,buy,NYSE
tx_0002009,2025-06-15 09:59:59,GOOGL,2844.72,256.0,buy,NASDAQ
tx_0009164,2025-06-15 10:00:02,AMZN,3592.05,107.0,sell,NASDAQ
tx_0009675,2025-06-15 10:00:04,PG,141.65,568.0,sell,NYSE
tx_0006335,2025-06-15 10:00:06,MCD,254.29,797.0,sell,NYSE
tx_0000361,2025-06-15 10:00:07,AAPL,147.67,932.0,sell,NASDAQ
tx_0005970,2025-06-15 10:00:08,WMT,143.77,473.0,buy,NYSE
tx_0007479,2025-06-15 10:00:10,JNJ,168.55,17.0,buy,NYSE
tx_0005427,2025-06-15 10:00:11,BRK.B,278.02,918.0,buy,NYSE
tx_0000395,2025-06-15 10:00:13,V,217.47,920.0,buy,NYSE
tx_0006303,2025-06-15 10:00:16,GOOGL,2888.67,490.0,sell,NASDAQ
tx_0005939,2025-06-15 10:00:20,DIS,185.89,914.0,buy,
tx_0007043,2025-06-15 10:00:22,BRK.B,277.74,171.0,sell,NYSE
tx_0000054,2025-06-15 10:00:23,AMZN,3569.33,9.0,sell,NASDAQ
tx_0008943,2025-06-15 10:00:24,MSFT,300.56,283.0,buy,NASDAQ
tx_0006349,2025-06-15 10:00:28,PEP,149.66,472.0,,NYSE
tx_0001833,2025-06-15 10:00:28,TSLA,713.75,308.0,sell,NASDAQ
tx_0009917,2025-06-15 10:00:30,WMT,144.84,289.0,buy,NYSE
tx_0004734,2025-06-15 10:00:33,PG,140.19,322.0,buy,NYSE
tx_0000762,2025-06-15 10:00:33,AAPL,149.9,247.0,sell,NASDAQ
tx_0007495,2025-06-15 10:00:41,GOOGL,2865.6,318.0,buy,NASDAQ
tx_0003658,2025-06-15 10:00:49,MSFT,298.53,317.0,buy,NASDAQ
tx_0001987,2025-06-15 10:00:50,ADBE,587.78,811.0,buy,NASDAQ
tx_0002551,2025-06-15 10:00:51,MSFT,299.28,608.0,sell,NASDAQ
tx_0002590,2025-06-15 10:00:51,AAPL,149.12,428.0,buy,NASDAQ
tx_0008853,2025-06-15 10:00:51,PG,141.81,872.0,sell,NYSE
tx_0009142,2025-06-15 10:00:54,PEP,149.26,625.0,sell,NYSE
tx_0005508,2025-06-15 10:00:57,MCD,253.25,842.0,buy,NYSE
tx_0001955,2025-06-15 10:01:00,KO,56.27,941.0,sell,NYSE
tx_0001558,2025-06-15 10:01:02,NFLX,497.77,67.0,sell,NASDAQ
tx_0009512,2025-06-15 10:01:02,WMT,142.55,268.0,buy,NYSE
tx_0005066,2025-06-15 10:01:04,MSFT,296.62,934.0,buy,NASDAQ
tx_0002911,2025-06-15 10:01:06,AMZN,3556.38,269.0,buy,NASDAQ
tx_0005526,2025-06-15 10:01:12,PEP,147.88,836.0,sell,NYSE
tx_0004201,2025-06-15 10:01:20,PG,139.74,698.0,sell,NYSE
tx_0003383,2025-06-15 10:01:20,WMT,144.46,331.0,sell,NYSE
tx_0001419,2025-06-15 10:01:21,NVDA,199.21,913.0,sell,NASDAQ
tx_0006444,2025-06-15 10:01:28,ADBE,593.67,885.0,sell,NASDAQ
tx_0004401,2025-06-15 10:01:30,AAPL,147.69,299.0,sell,
tx_0003174,2025-06-15 10:01:37,TSLA,709.84,143.0,sell,NASDAQ
tx_0003044,2025-06-15 10:01:37,MA,351.19,80.0,buy,NYSE
tx_0004156,2025-06-15 10:01:39,V,215.24,799.0,buy,NYSE
tx_0002535,2025-06-15 10:01:40,KO,56.35,606.0,buy,NYSE
tx_0004998,2025-06-15 10:01:41,FB,337.18,581.0,buy,NASDAQ
tx_0001126,2025-06-15 10:01:42,MA,345.6,110.0,buy,NYSE
tx_0008458,2025-06-15 10:01:50,BRK.B,278.2,244.0,sell,NYSE
tx_0005461,2025-06-15 10:01:56,AAPL,147.3,538.0,buy,NASDAQ
tx_0006257,2025-06-15 10:01:57,JNJ,167.79,334.0,sell,NYSE
tx_0003355,2025-06-15 10:01:57,GOOGL,2833.58,646.0,buy,NASDAQ
tx_0007061,2025-06-15 10:01:58,GOOGL,2846.16,314.0,buy,NASDAQ
tx_0007125,2025-06-15 10:01:59,NFLX,500.07,300.0,sell,NASDAQ
tx_0002357,2025-06-15 10:02:03,NFLX,494.15,994.0,buy,NASDAQ
tx_0005288,2025-06-15 10:02:07,PG,139.76,720.0,buy,NYSE
tx_0004335,2025-06-15 10:02:07,PYPL,247.2,926.0,sell,NASDAQ
tx_0003720,2025-06-15 10:02:08,MSFT,298.19,698.0,buy,NASDAQ
tx_0009191,2025-06-15 10:02:09,NVDA,200.17,968.0,buy,NASDAQ
tx_0006391,2025-06-15 10:02:09,TSLA,713.46,422.0,sell,NASDAQ
tx_0005009,2025-06-15 10:02:11,MCD,255.6,388.0,,NYSE
tx_0009806,2025-06-15 10:02:12,WMT,143.14,237.0,sell,NYSE
tx_0004749,2025-06-15 10:02:13,NFLX,494.64,813.0,sell,NASDAQ
tx_0006703,2025-06-15 10:02:15,AMZN,3540.6,983.0,buy,NASDAQ
tx_0001342,2025-06-15 10:02:16,MA,348.18,309.0,buy,NYSE
tx_0006668,2025-06-15 10:02:16,V,217.54,597.0,buy,NYSE
tx_0008910,2025-06-15 10:02:20,AMZN,3567.69,513.0,buy,NASDAQ
tx_0001291,2025-06-15 10:02:20,NFLX,500.01,798.0,sell,NASDAQ
tx_0006169,2025-06-15 10:02:20,BRK.B,275.85,219.0,buy,NYSE
tx_0009359,2025-06-15 10:02:24,AAPL,149.79,583.0,sell,NASDAQ
tx_0003868,2025-06-15 10:02:25,TSLA,708.51,255.0,sell,NASDAQ
tx_0005707,2025-06-15 10:02:26,KO,56.51,79.0,buy,NYSE
tx_0000242,2025-06-15 10:02:26,MA,350.18,608.0,sell,NYSE
tx_0000234,2025-06-15 10:02:35,NFLX,501.69,651.0,sell,NASDAQ
tx_0002105,2025-06-15 10:02:37,WMT,143.56,887.0,sell,NYSE
tx_0009615,2025-06-15 10:02:44,MA,344.89,927.0,sell,NYSE
tx_0002444,2025-06-15 10:02:44,KO,56.36,350.0,buy,NYSE
tx_0000763,2025-06-15 10:02:44,PYPL,245.87,608.0,buy,NASDAQ
tx_0002815,2025-06-15 10:02:52,GOOGL,2884.55,851.0,sell,NASDAQ
tx_0003300,2025-06-15 10:02:52,NVDA,198.87,779.0,buy,NASDAQ
tx_0000959,2025-06-15 10:02:52,FB,334.8,517.0,sell,NASDAQ
tx_0006614,2025-06-15 10:02:53,V,218.01,501.0,sell,NYSE
tx_0008861,2025-06-15 10:02:54,DIS,183.92,98.0,buy,NYSE
tx_0004292,2025-06-15 10:02:58,KO,56.41,336.0,buy,NYSE
tx_0005659,2025-06-15 10:02:58,JNJ,165.96,808.0,buy,NYSE
tx_0001745,2025-06-15 10:02:59,PG,140.65,189.0,buy,NYSE
tx_0001076,2025-06-15 10:03:02,TSLA,712.39,999.0,buy,NASDAQ
tx_0006855,2025-06-15 10:03:02,ADBE,596.12,288.0,buy,NASDAQ
tx_0008076,2025-06-15 10:03:02,WMT,144.6,171.0,buy,NYSE
tx_0002139,2025-06-15 10:03:06,V,214.63,536.0,buy,NYSE
tx_0002557,2025-06-15 10:03:10,PEP,149.11,537.0,sell,NYSE
tx_0000878,2025-06-15 10:03:10,PG,140.91,413.0,buy,NYSE
tx_0009451,2025-06-15 10:03:22,MSFT,301.26,,buy,NASDAQ
tx_0006393,2025-06-15 10:03:25,NFLX,500.66,152.0,buy,NASDAQ
tx_0000529,2025-06-15 10:03:27,MCD,258.06,994.0,buy,NYSE
tx_0003849,2025-06-15 10:03:28,FB,337.69,926.0,buy,NASDAQ
tx_0000238,2025-06-15 10:03:29,PEP,149.63,919.0,,NYSE
tx_0009856,2025-06-15 10:03:35,KO,56.07,645.0,buy,NYSE
tx_0007234,2025-06-15 10:03:38,ADBE,590.58,391.0,buy,NASDAQ
tx_0009225,2025-06-15 10:03:39,AAPL,147.53,643.0,buy,NASDAQ
tx_0009264,2025-06-15 10:03:40,MCD,257.26,126.0,buy,NYSE
tx_0000612,2025-06-15 10:03:42,V,214.81,816.0,sell,NYSE
tx_0002679,2025-06-15 10:03:42,FB,336.41,735.0,sell,NASDAQ
tx_0005305,2025-06-15 10:03:42,MA,350.3,736.0,sell,NYSE
tx_0003487,2025-06-15 10:03:51,GOOGL,2894.51,737.0,sell,NASDAQ
tx_0004046,2025-06-15 10:03:51,DIS,184.49,916.0,buy,NYSE
tx_0007291,2025-06-15 10:03:52,ADBE,593.59,775.0,sell,NASDAQ
tx_0007548,2025-06-15 10:03:57,PG,139.2,524.0,buy,NYSE
tx_0004475,2025-06-15 10:03:59,AMZN,3600.04,966.0,sell,NASDAQ
tx_0007804,2025-06-15 10:04:00,TSLA,712.56,352.0,sell,NASDAQ
tx_0002047,2025-06-15 10:04:02,TSLA,703.63,514.0,buy,NASDAQ
tx_0003989,2025-06-15 10:04:05,V,216.38,12.0,buy,NYSE
tx_0004232,2025-06-15 10:04:07,ADBE,588.5,260.0,sell,NASDAQ
tx_0002174,2025-06-15 10:04:07,TSLA,717.2,138.0,buy,NASDAQ
tx_0001649,2025-06-15 10:04:08,AMZN,3594.35,113.0,buy,NASDAQ
tx_0003344,2025-06-15 10:04:17,PG,140.2,979.0,sell,NYSE
tx_0008776,2025-06-15 10:04:24,WMT,146.29,748.0,sell,NYSE
tx_0008799,2025-06-15 10:04:27,TSLA,715.29,935.0,sell,NASDAQ
tx_0000843,2025-06-15 10:04:35,DIS,182.0,280.0,sell,NYSE
tx_0000659,2025-06-15 10:04:35,V,217.02,395.0,buy,NYSE
tx_0004791,2025-06-15 10:04:35,DIS,181.65,789.0,sell,NYSE
tx_0008254,2025-06-15 10:04:35,BRK.B,278.77,283.0,buy,NYSE
tx_0001964,2025-06-15 10:04:39,AAPL,146.47,725.0,buy,NASDAQ
tx_0000043,2025-06-15 10:04:39,JNJ,165.55,1000.0,sell,NYSE
tx_0001045,2025-06-15 10:04:40,ADBE,591.46,943.0,buy,NASDAQ
tx_0007824,2025-06-15 10:04:40,MSFT,297.06,268.0,buy,NASDAQ
tx_0000593,2025-06-15 10:04:42,MSFT,296.97,643.0,buy,NASDAQ
tx_0003437,2025-06-15 10:04:44,GOOGL,2872.15,968.0,sell,NASDAQ
tx_0005829,2025-06-15 10:04:44,DIS,185.19,223.0,buy,NYSE
tx_0003349,2025-06-15 10:04:45,MCD,255.83,590.0,sell,NYSE
tx_0009871,2025-06-15 10:04:45,ADBE,586.66,757.0,buy,NASDAQ
tx_0002301,2025-06-15 10:04:51,MSFT,296.03,578.0,buy,NASDAQ
tx_0007939,2025-06-15 10:04:51,PEP,149.33,419.0,sell,NYSE
tx_0007154,2025-06-15 10:04:52,BRK.B,274.24,988.0,,NYSE
tx_0003124,2025-06-15 10:04:52,AMZN,3579.11,936.0,buy,NASDAQ
tx_0001728,2025-06-15 10:04:56,NFLX,496.84,101.0,buy,NASDAQ
tx_0000674,2025-06-15 10:04:57,DIS,182.13,777.0,buy,NYSE
tx_0008308,2025-06-15 10:04:58,AAPL,146.44,291.0,sell,NASDAQ
tx_0002934,2025-06-15 10:04:58,MCD,255.6,195.0,buy,NYSE
tx_0001723,2025-06-15 10:05:00,MCD,258.14,680.0,buy,NYSE
tx_0006166,2025-06-15 10:05:00,NVDA,201.02,157.0,sell,NASDAQ
tx_0003236,2025-06-15 10:05:01,MSFT,296.71,370.0,buy,NASDAQ
tx_0000443,2025-06-15 10:05:05,NVDA,199.17,741.0,sell,NASDAQ
tx_0007910,2025-06-15 10:05:07,BRK.B,278.8,386.0,sell,NYSE
tx_0005265,2025-06-15 10:05:07,AMZN,3578.13,955.0,buy,NASDAQ
tx_0008353,2025-06-15 10:05:11,ADBE,586.19,503.0,buy,
tx_0003566,2025-06-15 10:05:11,PG,140.08,207.0,sell,NYSE
tx_0009223,2025-06-15 10:05:12,BRK.B,278.58,832.0,buy,NYSE
tx_0007211,2025-06-15 10:05:12,NVDA,200.8,973.0,buy,NASDAQ
tx_0003939,2025-06-15 10:05:14,JNJ,165.84,584.0,buy,NYSE
tx_0006262,2025-06-15 10:05:20,MSFT,297.87,470.0,buy,NASDAQ
tx_0009242,2025-06-15 10:05:28,JNJ,167.22,365.0,buy,
tx_0009471,2025-06-15 10:05:32,V,217.81,351.0,buy,NYSE
tx_0007016,2025-06-15 10:05:35,AMZN,3604.72,563.0,sell,NASDAQ
tx_0000689,2025-06-15 10:05:36,GOOGL,2893.73,271.0,buy,NASDAQ
tx_0002187,2025-06-15 10:05:36,PEP,147.87,598.0,sell,NYSE
tx_0008924,2025-06-15 10:05:39,DIS,183.38,664.0,sell,NYSE
tx_0008464,2025-06-15 10:05:40,ADBE,587.65,30.0,buy,NASDAQ
tx_0005465,2025-06-15 10:05:40,MSFT,298.27,101.0,sell,NASDAQ
tx_0007777,2025-06-15 10:05:41,PG,141.35,257.0,sell,NYSE
tx_0002612,2025-06-15 10:05:42,AAPL,148.45,767.0,buy,NASDAQ
tx_0009013,2025-06-15 10:05:45,JNJ,167.32,648.0,sell,NYSE
tx_0006681,2025-06-15 10:05:49,GOOGL,2883.34,181.0,sell,NASDAQ
tx_0007801,2025-06-15 10:05:51,V,218.47,82.0,buy,NYSE
tx_0002675,2025-06-15 10:05:54,KO,55.95,967.0,sell,NYSE
tx_0006746,2025-06-15 10:05:54,MCD,258.65,893.0,sell,NYSE
tx_0008981,2025-06-15 10:05:55,BRK.B,274.05,196.0,buy,NYSE
tx_0001980,2025-06-15 10:05:56,KO,56.18,849.0,buy,NYSE
tx_0002110,2025-06-15 10:06:00,AMZN,3582.02,599.0,sell,NASDAQ
tx_0007584,2025-06-15 10:06:00,PYPL,244.5,434.0,sell,NASDAQ
tx_0008412,2025-06-15 10:06:01,MSFT,299.22,,sell,NASDAQ
tx_0001817,2025-06-15 10:06:03,MSFT,296.7,703.0,buy,NASDAQ
tx_0005861,2025-06-15 10:06:03,MSFT,295.39,292.0,sell,NASDAQ
tx_0002200,2025-06-15 10:06:10,DIS,183.34,799.0,buy,NYSE
tx_0001006,2025-06-15 10:06:24,PYPL,244.27,642.0,sell,NASDAQ
tx_0004173,2025-06-15 10:06:25,AAPL,147.26,769.0,sell,NASDAQ
tx_0004819,2025-06-15 10:06:29,FB,338.89,945.0,sell,NASDAQ
tx_0001641,2025-06-15 10:06:29,BRK.B,277.93,641.0,buy,NYSE
tx_0009059,2025-06-15 10:06:29,ADBE,593.85,492.0,buy,NASDAQ
tx_0006392,2025-06-15 10:06:32,JNJ,165.59,362.0,sell,NYSE
tx_0000844,2025-06-15 10:06:32,TSLA,709.97,510.0,buy,NASDAQ
tx_0000953,2025-06-15 10:06:33,MCD,256.39,343.0,sell,NYSE
tx_0002847,2025-06-15 10:06:35,DIS,185.65,691.0,buy,NYSE
tx_0006446,2025-06-15 10:06:36,TSLA,710.38,807.0,sell,NASDAQ
tx_0004412,2025-06-15 10:06:36,NFLX,490.83,829.0,sell,NASDAQ
tx_0007745,2025-06-15 10:06:36,JNJ,168.22,910.0,buy,NYSE
tx_0008263,2025-06-15 10:06:37,WMT,144.24,62.0,buy,NYSE
tx_0006836,2025-06-15 10:06:40,BRK.B,276.62,725.0,buy,NYSE
tx_0000918,2025-06-15 10:06:41,MSFT,299.79,500.0,sell,NASDAQ
tx_0008828,2025-06-15 10:06:41,KO,56.4,471.0,buy,NYSE
tx_0001487,2025-06-15 10:06:42,ADBE,597.57,779.0,buy,NASDAQ
tx_0002531,2025-06-15 10:06:44,PYPL,240.81,290.0,sell,NASDAQ
tx_0005153,2025-06-15 10:06:46,AMZN,3565.05,962.0,sell,NASDAQ
tx_0001918,2025-06-15 10:06:48,AAPL,146.04,367.0,buy,NASDAQ
tx_0007577,2025-06-15 10:06:51,DIS,186.35,285.0,sell,NYSE
tx_0008398,2025-06-15 10:06:52,TSLA,705.15,610.0,buy,NASDAQ
tx_0004111,2025-06-15 10:06:55,AAPL,146.9,929.0,sell,NASDAQ
tx_0001092,2025-06-15 10:07:00,KO,55.99,162.0,buy,NYSE
tx_0001153,2025-06-15 10:07:04,PYPL,241.75,105.0,sell,NASDAQ
tx_0006665,2025-06-15 10:07:07,MSFT,294.38,121.0,sell,NASDAQ
tx_0000849,2025-06-15 10:07:08,GOOGL,2910.27,976.0,sell,NASDAQ
tx_0009257,2025-06-15 10:07:09,AAPL,146.1,335.0,buy,NASDAQ
tx_0004377,2025-06-15 10:07:17,PEP,150.29,588.0,sell,NYSE
tx_0000806,2025-06-15 10:07:19,ADBE,591.82,621.0,sell,NASDAQ
tx_0005834,2025-06-15 10:07:19,BRK.B,274.41,327.0,sell,NYSE
tx_0009163,2025-06-15 10:07:26,MA,346.05,448.0,sell,NYSE
tx_0003379,2025-06-15 10:07:27,GOOGL,2855.02,322.0,buy,NASDAQ
tx_0000365,2025-06-15 10:07:34,FB,338.08,555.0,sell,NASDAQ
tx_0008576,2025-06-15 10:07:34,MSFT,298.06,757.0,sell,NASDAQ
tx_0009844,2025-06-15 10:07:35,V,217.11,194.0,sell,NYSE
tx_0002312,2025-06-15 10:07:37,JNJ,165.06,338.0,buy,NYSE
tx_0004590,2025-06-15 10:07:38,NVDA,200.0,537.0,sell,NASDAQ
tx_0005857,2025-06-15 10:07:38,MCD,254.12,97.0,buy,NYSE
tx_0001570,2025-06-15 10:07:42,PEP,148.8,324.0,sell,NYSE
tx_0007918,2025-06-15 10:07:42,BRK.B,274.51,602.0,sell,NYSE
tx_0008032,2025-06-15 10:07:45,MCD,256.04,926.0,buy,NYSE
tx_0006188,2025-06-15 10:07:46,ADBE,594.77,,sell,NASDAQ
tx_0008437,2025-06-15 10:07:51,FB,337.24,807.0,buy,NASDAQ
tx_0002720,2025-06-15 10:07:53,KO,56.57,76.0,buy,NYSE
tx_0001165,2025-06-15 10:07:55,WMT,145.6,442.0,sell,NYSE
tx_0001054,2025-06-15 10:08:04,TSLA,702.19,359.0,buy,NASDAQ
tx_0000730,2025-06-15 10:08:15,PYPL,245.2,948.0,buy,NASDAQ
tx_0008182,2025-06-15 10:08:16,NVDA,202.52,69.0,buy,NASDAQ
tx_0008622,2025-06-15 10:08:17,NFLX,491.57,895.0,sell,NASDAQ
tx_0003464,2025-06-15 10:08:24,AMZN,3555.9,489.0,sell,NASDAQ
tx_0007288,2025-06-15 10:08:24,PG,139.25,311.0,buy,NYSE
tx_0006839,2025-06-15 10:08:26,KO,56.94,473.0,sell,NYSE
tx_0007343,2025-06-15 10:08:28,WMT,145.31,922.0,sell,NYSE
tx_0001891,2025-06-15 10:08:35,AMZN,3549.87,59.0,sell,NASDAQ
tx_0000039,2025-06-15 10:08:38,DIS,185.46,116.0,buy,NYSE
tx_0000512,2025-06-15 10:08:39,AAPL,145.16,525.0,buy,NASDAQ
tx_0005749,2025-06-15 10:08:43,FB,340.74,101.0,buy,NASDAQ
tx_0000474,2025-06-15 10:08:45,JNJ,166.02,297.0,buy,NYSE
tx_0002637,2025-06-15 10:08:54,BRK.B,274.19,986.0,sell,NYSE
tx_0000978,2025-06-15 10:08:54,BRK.B,276.55,109.0,buy,NYSE
tx_0001111,2025-06-15 10:08:57,MA,345.75,683.0,sell,NYSE
tx_0005315,2025-06-15 10:09:03,BRK.B,276.97,910.0,sell,NYSE
tx_0003404,2025-06-15 10:09:04,PYPL,244.48,750.0,sell,NASDAQ
tx_0001124,2025-06-15 10:09:05,WMT,142.53,41.0,buy,NYSE
tx_0001439,2025-06-15 10:09:06,FB,336.39,763.0,buy,NASDAQ
tx_0006382,2025-06-15 10:09:11,TSLA,712.33,872.0,buy,NASDAQ
tx_0003377,2025-06-15 10:09:12,NFLX,489.35,622.0,sell,NASDAQ
tx_0009805,2025-06-15 10:09:23,JNJ,168.28,787.0,sell,NYSE
tx_0003184,2025-06-15 10:09:25,PYPL,239.99,398.0,buy,NASDAQ
tx_0003448,2025-06-15 10:09:32,TSLA,712.24,197.0,sell,NASDAQ
tx_0006471,2025-06-15 10:09:35,MCD,252.96,976.0,sell,NYSE
tx_0004433,2025-06-15 10:09:35,WMT,143.17,464.0,buy,NYSE
tx_0002884,2025-06-15 10:09:36,MA,348.18,337.0,sell,NYSE
tx_0009841,2025-06-15 10:09:40,WMT,142.82,863.0,buy,NYSE
tx_0004834,2025-06-15 10:09:47,KO,56.19,36.0,buy,NYSE
tx_0006683,2025-06-15 10:09:49,AMZN,3582.9,47.0,sell,NASDAQ
tx_0001060,2025-06-15 10:09:51,DIS,185.66,385.0,sell,NYSE
tx_0003589,2025-06-15 10:09:55,GOOGL,2879.26,161.0,buy,NASDAQ
tx_0005270,2025-06-15 10:09:56,MCD,251.77,727.0,buy,NYSE
tx_0002858,2025-06-15 10:10:00,NFLX,496.77,267.0,sell,NASDAQ
tx_0006904,2025-06-15 10:10:00,ADBE,590.88,332.0,buy,NASDAQ
tx_0000650,2025-06-15 10:10:04,FB,338.17,819.0,sell,NASDAQ
tx_0001762,2025-06-15 10:10:07,NVDA,199.59,725.0,buy,NASDAQ
tx_0001269,2025-06-15 10:10:08,BRK.B,275.41,886.0,buy,NYSE
tx_0001485,2025-06-15 10:10:09,FB,341.59,515.0,buy,NASDAQ
tx_0004368,2025-06-15 10:10:10,DIS,183.36,239.0,sell,NYSE
tx_0008268,2025-06-15 10:10:13,ADBE,591.46,646.0,buy,NASDAQ
tx_0006712,2025-06-15 10:10:16,PYPL,244.47,804.0,sell,NASDAQ
tx_0009397,2025-06-15 10:10:18,TSLA,708.07,282.0,buy,NASDAQ
tx_0002780,2025-06-15 10:10:23,NVDA,201.95,352.0,buy,NASDAQ
tx_0006177,2025-06-15 10:10:25,AAPL,147.31,817.0,buy,NASDAQ
tx_0001539,2025-06-15 10:10:35,BRK.B,272.25,689.0,sell,NYSE
tx_0006340,2025-06-15 10:10:35,AMZN,3551.94,531.0,sell,NASDAQ
tx_0008164,2025-06-15 10:10:36,KO,56.65,870.0,buy,NYSE
tx_0007809,2025-06-15 10:10:39,GOOGL,2873.47,853.0,buy,NASDAQ
tx_0000885,2025-06-15 10:10:50,MSFT,297.44,856.0,sell,NASDAQ
tx_0000348,2025-06-15 10:10:54,V,217.89,608.0,sell,NYSE
tx_0003944,2025-06-15 10:10:54,AMZN,3544.73,687.0,buy,NASDAQ
tx_0006879,2025-06-15 10:10:56,FB,343.1,493.0,sell,NASDAQ
tx_0009772,2025-06-15 10:10:58,ADBE,590.71,381.0,sell,NASDAQ
tx_0007309,2025-06-15 10:11:01,V,215.49,36.0,sell,NYSE
tx_0005336,2025-06-15 10:11:02,TSLA,713.31,583.0,sell,NASDAQ
tx_0006236,2025-06-15 10:11:02,JNJ,164.63,491.0,buy,NYSE
tx_0001529,2025-06-15 10:11:03,TSLA,707.96,55.0,sell,NASDAQ
tx_0002825,2025-06-15 10:11:04,WMT,143.32,17.0,buy,NYSE
tx_0006905,2025-06-15 10:11:07,KO,56.55,173.0,sell,NYSE
tx_0002927,2025-06-15 10:11:08,PYPL,243.66,986.0,buy,NASDAQ
tx_0000691,2025-06-15 10:11:10,PYPL,242.36,706.0,buy,NASDAQ
tx_0001542,2025-06-15 10:11:12,V,218.5,796.0,buy,NYSE
tx_0004497,2025-06-15 10:11:15,JNJ,166.29,677.0,buy,NYSE
tx_0005377,2025-06-15 10:11:15,WMT,,36.0,sell,NYSE
tx_0009131,2025-06-15 10:11:17,GOOGL,2866.16,823.0,sell,NASDAQ
tx_0004835,2025-06-15 10:11:17,PYPL,243.57,164.0,sell,NASDAQ
tx_0006926,2025-06-15 10:11:20,AAPL,145.97,29.0,buy,NASDAQ
tx_0002657,2025-06-15 10:11:22,JNJ,166.16,41.0,buy,NYSE
tx_0007183,2025-06-15 10:11:23,ADBE,590.75,769.0,sell,NASDAQ
tx_0008779,2025-06-15 10:11:26,KO,56.37,312.0,sell,NYSE
tx_0009839,2025-06-15 10:11:26,KO,57.18,103.0,buy,NYSE
tx_0006240,2025-06-15 10:11:28,PYPL,246.79,,sell,NASDAQ
tx_0003884,2025-06-15 10:11:30,TSLA,711.07,898.0,buy,NASDAQ
tx_0003440,2025-06-15 10:11:33,KO,56.36,681.0,buy,NYSE
tx_0008669,2025-06-15 10:11:37,AMZN,3530.48,256.0,sell,NASDAQ
tx_0003657,2025-06-15 10:11:39,FB,338.04,239.0,buy,NASDAQ
tx_0006306,2025-06-15 10:11:40,AAPL,145.29,383.0,sell,NASDAQ
tx_0007099,2025-06-15 10:11:41,WMT,142.69,748.0,buy,NYSE
tx_0005466,2025-06-15 10:11:42,FB,338.09,180.0,buy,NASDAQ
tx_0007080,2025-06-15 10:11:42,MA,344.33,353.0,sell,NYSE
tx_0006650,2025-06-15 10:11:43,WMT,142.19,375.0,sell,NYSE
tx_0003933,2025-06-15 10:11:47,NFLX,491.3,406.0,buy,NASDAQ
tx_0000964,2025-06-15 10:11:48,KO,56.89,250.0,sell,NYSE
tx_0006238,2025-06-15 10:11:49,NFLX,493.26,741.0,sell,NASDAQ
tx_0008344,2025-06-15 10:11:51,WMT,142.73,246.0,buy,NYSE
tx_0007537,2025-06-15 10:11:55,PYPL,244.71,625.0,sell,NASDAQ
tx_0000807,2025-06-15 10:11:56,PEP,149.67,252.0,buy,NYSE
tx_0008638,2025-06-15 10:12:02,FB,341.25,453.0,buy,NASDAQ
tx_0006182,2025-06-15 10:12:06,BRK.B,275.06,892.0,buy,NYSE
tx_0006878,2025-06-15 10:12:10,AAPL,145.33,506.0,buy,NASDAQ
tx_0006902,2025-06-15 10:12:10,MCD,251.6,142.0,sell,NYSE
tx_0002618,2025-06-15 10:12:12,PEP,150.56,963.0,sell,NYSE
tx_0003292,2025-06-15 10:12:13,MA,347.22,5.0,sell,NYSE
tx_0002584,2025-06-15 10:12:17,PEP,149.16,580.0,sell,NYSE
tx_0007702,2025-06-15 10:12:18,PEP,150.26,924.0,buy,NYSE
tx_0009865,2025-06-15 10:12:21,AAPL,147.54,638.0,sell,NASDAQ
tx_0001022,2025-06-15 10:12:21,MSFT,298.55,766.0,buy,NASDAQ
tx_0009091,2025-06-15 10:12:22,KO,57.22,427.0,sell,NYSE
tx_0006734,2025-06-15 10:12:23,MSFT,297.91,141.0,sell,NASDAQ
tx_0007841,2025-06-15 10:12:25,FB,342.03,305.0,buy,NASDAQ
tx_0005890,2025-06-15 10:12:26,AAPL,145.64,267.0,buy,NASDAQ
tx_0001142,2025-06-15 10:12:26,BRK.B,277.11,434.0,buy,NYSE
tx_0003002,2025-06-15 10:12:31,ADBE,592.04,858.0,sell,NASDAQ
tx_0009352,2025-06-15 10:12:34,FB,342.91,734.0,buy,NASDAQ
tx_0008524,2025-06-15 10:12:36,AMZN,3589.63,597.0,sell,NASDAQ
tx_0008740,2025-06-15 10:12:43,NVDA,200.51,996.0,buy,NASDAQ
tx_0004230,2025-06-15 10:12:51,DIS,185.38,511.0,sell,NYSE
tx_0004986,2025-06-15 10:12:52,NVDA,201.53,852.0,sell,NASDAQ
tx_0005274,2025-06-15 10:12:54,PYPL,247.23,878.0,sell,NASDAQ
tx_0001190,2025-06-15 10:12:57,MCD,253.95,129.0,sell,NYSE
tx_0007018,2025-06-15 10:13:01,NFLX,492.94,765.0,sell,NASDAQ
tx_0000819,2025-06-15 10:13:04,AAPL,147.24,10.0,sell,NASDAQ
tx_0000695,2025-06-15 10:13:07,AAPL,145.4,263.0,buy,NASDAQ
tx_0004089,2025-06-15 10:13:11,MSFT,295.04,834.0,buy,NASDAQ
tx_0000646,2025-06-15 10:13:16,FB,341.47,195.0,buy,NASDAQ
tx_0007556,2025-06-15 10:13:16,PYPL,243.82,413.0,sell,NASDAQ
tx_0004664,2025-06-15 10:13:17,NVDA,201.1,134.0,buy,NASDAQ
tx_0008532,2025-06-15 10:13:18,MSFT,296.87,180.0,sell,NASDAQ
tx_0000428,2025-06-15 10:13:21,GOOGL,2839.68,257.0,sell,NASDAQ
tx_0007282,2025-06-15 10:13:23,BRK.B,274.12,90.0,buy,NYSE
tx_0004209,2025-06-15 10:13:24,NFLX,492.64,382.0,sell,NASDAQ
tx_0001304,2025-06-15 10:13:24,NVDA,200.79,92.0,buy,NASDAQ
tx_0003186,2025-06-15 10:13:24,NVDA,200.29,91.0,sell,NASDAQ
tx_0001121,2025-06-15 10:13:24,AAPL,146.68,473.0,sell,NASDAQ
tx_0006807,2025-06-15 10:13:25,GOOGL,2833.19,449.0,sell,NASDAQ
tx_0001028,2025-06-15 10:13:28,AMZN,3603.08,353.0,buy,NASDAQ
tx_0002250,2025-06-15 10:13:28,BRK.B,273.35,316.0,buy,NYSE
tx_0001601,2025-06-15 10:13:28,NFLX,492.81,143.0,buy,NASDAQ
tx_0006379,2025-06-15 10:13:28,JNJ,167.81,352.0,sell,NYSE
tx_0009455,2025-06-15 10:13:30,MA,344.54,900.0,buy,NYSE
tx_0008466,2025-06-15 10:13:41,MSFT,299.77,773.0,sell,NASDAQ
tx_0000310,2025-06-15 10:13:51,KO,56.33,441.0,buy,NYSE
tx_0009328,2025-06-15 10:13:51,MA,344.1,623.0,buy,NYSE
tx_0004863,2025-06-15 10:13:58,NFLX,500.14,697.0,sell,NASDAQ
tx_0000464,2025-06-15 10:13:58,MSFT,,879.0,buy,NASDAQ
tx_0005750,2025-06-15 10:13:59,AMZN,3586.87,1000.0,buy,NASDAQ
tx_0003049,2025-06-15 10:13:59,ADBE,594.95,500.0,sell,NASDAQ
tx_0003590,2025-06-15 10:14:02,JNJ,167.54,711.0,sell,NYSE
tx_0009765,2025-06-15 10:14:02,PEP,,828.0,buy,NYSE
tx_0003968,2025-06-15 10:14:04,AAPL,145.51,830.0,sell,NASDAQ
tx_0001207,2025-06-15 10:14:06,MSFT,298.33,202.0,sell,NASDAQ
tx_0000018,2025-06-15 10:14:08,PEP,148.95,78.0,buy,NYSE
tx_0008181,2025-06-15 10:14:08,MA,347.71,311.0,sell,NYSE
tx_0000939,2025-06-15 10:14:09,MA,345.4,87.0,buy,NYSE
tx_0008045,2025-06-15 10:14:10,KO,56.31,127.0,buy,NYSE
tx_0001173,2025-06-15 10:14:15,NVDA,199.62,996.0,buy,NASDAQ
tx_0007785,2025-06-15 10:14:15,AMZN,3576.83,34.0,sell,NASDAQ
tx_0009699,2025-06-15 10:14:15,AMZN,3562.3,221.0,sell,NASDAQ
tx_0000663,2025-06-15 10:14:17,PYPL,245.71,499.0,buy,
tx_0002022,2025-06-15 10:14:19,FB,339.02,187.0,sell,
tx_0009851,2025-06-15 10:14:19,PYPL,242.2,101.0,buy,NASDAQ
tx_0003899,2025-06-15 10:14:23,GOOGL,2832.97,46.0,buy,NASDAQ
tx_0002501,2025-06-15 10:14:32,JNJ,167.51,650.0,sell,NYSE
tx_0005283,2025-06-15 10:14:33,AMZN,3569.35,247.0,sell,NASDAQ
tx_0007041,2025-06-15 10:14:35,GOOGL,2825.07,33.0,sell,NASDAQ
tx_0001508,2025-06-15 10:14:36,V,216.4,500.0,sell,NYSE
tx_0003151,2025-06-15 10:14:40,AAPL,147.76,490.0,sell,NASDAQ
tx_0009560,2025-06-15 10:14:43,V,215.25,151.0,sell,NYSE
tx_0005210,2025-06-15 10:14:44,AMZN,3557.27,451.0,buy,NASDAQ
tx_0003202,2025-06-15 10:14:46,MCD,250.38,888.0,sell,NYSE
tx_0001180,2025-06-15 10:14:47,TSLA,711.76,518.0,buy,NASDAQ
tx_0006526,2025-06-15 10:14:48,AMZN,3580.77,508.0,buy,NASDAQ
tx_0001443,2025-06-15 10:14:51,TSLA,708.82,918.0,buy,NASDAQ
tx_0006063,2025-06-15 10:14:54,KO,56.06,473.0,sell,NYSE
tx_0003031,2025-06-15 10:14:55,PEP,,527.0,buy,NYSE
tx_0001055,2025-06-15 10:14:59,PG,141.25,982.0,sell,NYSE
tx_0005473,2025-06-15 10:15:00,PYPL,245.31,48.0,sell,NASDAQ
tx_0008806,2025-06-15 10:15:00,ADBE,593.53,455.0,sell,NASDAQ
tx_0006438,2025-06-15 10:15:01,PYPL,245.01,151.0,sell,NASDAQ
tx_0006646,2025-06-15 10:15:01,NFLX,493.62,51.0,buy,NASDAQ
tx_0009655,2025-06-15 10:15:01,WMT,142.14,83.0,buy,NYSE
tx_0004839,2025-06-15 10:15:02,PG,139.55,282.0,sell,NYSE
tx_0006556,2025-06-15 10:15:06,MCD,249.37,63.0,sell,NYSE
tx_0006014,2025-06-15 10:15:06,MA,345.05,742.0,buy,NYSE
tx_0005298,2025-06-15 10:15:18,MA,344.43,626.0,buy,NYSE
tx_0008699,2025-06-15 10:15:20,V,216.96,433.0,buy,NYSE
tx_0002016,2025-06-15 10:15:22,NVDA,201.54,923.0,sell,NASDAQ
tx_0005375,2025-06-15 10:15:30,V,215.46,269.0,sell,NYSE
tx_0006165,2025-06-15 10:15:30,WMT,143.14,25.0,sell,NYSE
tx_0009306,2025-06-15 10:15:33,PYPL,243.13,348.0,sell,NASDAQ
tx_0003893,2025-06-15 10:15:34,ADBE,597.76,600.0,sell,NASDAQ
tx_0008073,2025-06-15 10:15:37,TSLA,715.15,252.0,buy,NASDAQ
tx_0007977,2025-06-15 10:15:40,JNJ,166.23,488.0,buy,NYSE
tx_0006869,2025-06-15 10:15:40,TSLA,718.38,260.0,sell,NASDAQ
tx_0007360,2025-06-15 10:15:43,MA,347.44,256.0,buy,NYSE
tx_0001635,2025-06-15 10:15:44,DIS,185.79,554.0,buy,NYSE
tx_0003493,2025-06-15 10:15:44,MCD,252.14,780.0,buy,NYSE
tx_0006520,2025-06-15 10:15:46,NVDA,201.72,983.0,sell,NASDAQ
tx_0005231,2025-06-15 10:15:47,ADBE,594.55,588.0,buy,NASDAQ
tx_0004460,2025-06-15 10:15:50,AAPL,145.85,673.0,sell,NASDAQ
tx_0000156,2025-06-15 10:15:50,MCD,254.47,59.0,buy,NYSE
tx_0006319,2025-06-15 10:15:52,BRK.B,275.06,294.0,sell,NYSE
tx_0006361,2025-06-15 10:15:53,PEP,149.18,263.0,sell,NYSE
tx_0004029,2025-06-15 10:15:56,V,217.57,165.0,sell,NYSE
tx_0008105,2025-06-15 10:15:58,TSLA,706.23,,buy,NASDAQ
tx_0007787,2025-06-15 10:16:03,ADBE,593.34,468.0,buy,NASDAQ
tx_0009075,2025-06-15 10:16:08,PYPL,245.49,873.0,sell,NASDAQ
tx_0005175,2025-06-15 10:16:11,TSLA,718.43,982.0,buy,NASDAQ
tx_0004092,2025-06-15 10:16:12,MSFT,300.77,839.0,sell,NASDAQ
tx_0003291,2025-06-15 10:16:14,BRK.B,273.51,405.0,sell,NYSE
tx_0008283,2025-06-15 10:16:15,GOOGL,2856.34,98.0,buy,NASDAQ
tx_0002392,2025-06-15 10:16:25,MCD,250.82,57.0,sell,NYSE
tx_0000271,2025-06-15 10:16:27,NVDA,201.03,948.0,buy,NASDAQ
tx_0005081,2025-06-15 10:16:27,KO,56.59,228.0,sell,NYSE
tx_0004408,2025-06-15 10:16:28,FB,342.6,199.0,,NASDAQ
tx_0009452,2025-06-15 10:16:30,TSLA,719.33,493.0,buy,NASDAQ
tx_0001899,2025-06-15 10:16:31,PEP,149.44,725.0,buy,NYSE
tx_0005837,2025-06-15 10:16:31,MCD,251.18,1.0,buy,NYSE
tx_0001448,2025-06-15 10:16:34,NVDA,200.02,494.0,buy,NASDAQ
tx_0009049,2025-06-15 10:16:37,PG,138.02,147.0,buy,NYSE
tx_0003252,2025-06-15 10:16:39,BRK.B,276.2,686.0,sell,NYSE
tx_0006967,2025-06-15 10:16:45,KO,57.03,154.0,buy,NYSE
tx_0000225,2025-06-15 10:16:45,PYPL,244.49,752.0,buy,NASDAQ
tx_0008423,2025-06-15 10:16:48,BRK.B,272.21,1.0,buy,NYSE
tx_0009792,2025-06-15 10:16:56,BRK.B,270.76,654.0,sell,NYSE
tx_0003780,2025-06-15 10:16:58,MSFT,299.96,247.0,buy,NASDAQ
tx_0007846,2025-06-15 10:17:00,MCD,251.46,586.0,sell,NYSE
tx_0009820,2025-06-15 10:17:00,PG,137.96,566.0,sell,NYSE
tx_0003769,2025-06-15 10:17:00,AMZN,3619.21,731.0,sell,NASDAQ
tx_0009643,2025-06-15 10:17:01,DIS,184.65,168.0,sell,NYSE
tx_0000467,2025-06-15 10:17:10,PG,138.81,860.0,buy,NYSE
tx_0001554,2025-06-15 10:17:12,TSLA,705.96,487.0,buy,NASDAQ
tx_0009317,2025-06-15 10:17:20,GOOGL,2859.03,762.0,buy,NASDAQ
tx_0009194,2025-06-15 10:17:22,BRK.B,274.37,762.0,buy,NYSE
tx_0002562,2025-06-15 10:17:22,V,217.84,899.0,sell,NYSE
tx_0006912,2025-06-15 10:17:26,JNJ,168.25,420.0,sell,NYSE
tx_0004485,2025-06-15 10:17:27,V,215.68,801.0,buy,NYSE
tx_0003122,2025-06-15 10:17:29,ADBE,598.07,704.0,sell,NASDAQ
tx_0003892,2025-06-15 10:17:30,PEP,147.98,334.0,buy,NYSE
tx_0000148,2025-06-15 10:17:33,PG,138.25,902.0,buy,NYSE
tx_0006101,2025-06-15 10:17:35,NVDA,197.44,547.0,buy,NASDAQ
tx_0006545,2025-06-15 10:17:38,MCD,250.74,346.0,,NYSE
tx_0008566,2025-06-15 10:17:39,FB,342.05,266.0,buy,NASDAQ
tx_0008086,2025-06-15 10:17:40,PG,140.13,40.0,sell,NYSE
tx_0001434,2025-06-15 10:17:41,WMT,142.24,461.0,buy,NYSE
tx_0006254,2025-06-15 10:17:41,TSLA,715.48,170.0,sell,NASDAQ
tx_0004052,2025-06-15 10:17:46,JNJ,168.25,717.0,sell,NYSE
tx_0007978,2025-06-15 10:17:47,MA,349.43,329.0,sell,NYSE
tx_0005687,2025-06-15 10:17:48,PEP,150.64,762.0,buy,NYSE
tx_0001526,2025-06-15 10:17:49,MCD,251.64,35.0,buy,NYSE
tx_0003823,2025-06-15 10:17:51,AAPL,147.83,886.0,sell,NASDAQ
tx_0009719,2025-06-15 10:17:55,DIS,185.24,512.0,buy,NYSE
tx_0003725,2025-06-15 10:17:59,DIS,185.5,689.0,buy,NYSE
tx_0001608,2025-06-15 10:17:59,FB,344.62,737.0,sell,NASDAQ
tx_0007504,2025-06-15 10:18:02,DIS,185.48,809.0,buy,NYSE
tx_0008137,2025-06-15 10:18:13,MA,344.42,750.0,buy,NYSE
tx_0004309,2025-06-15 10:18:14,AMZN,3554.54,8.0,buy,NASDAQ
tx_0001162,2025-06-15 10:18:17,MA,347.83,384.0,sell,NYSE
tx_0008536,2025-06-15 10:18:17,MCD,250.69,387.0,buy,NYSE
tx_0004043,2025-06-15 10:18:18,TSLA,703.71,629.0,sell,NASDAQ
tx_0001031,2025-06-15 10:18:18,DIS,185.24,915.0,buy,NYSE
tx_0006433,2025-06-15 10:18:22,PEP,149.74,259.0,sell,NYSE
tx_0006018,2025-06-15 10:18:25,ADBE,591.91,161.0,buy,NASDAQ
tx_0004393,2025-06-15 10:18:25,DIS,184.87,629.0,sell,NYSE
tx_0008714,2025-06-15 10:18:27,DIS,184.73,59.0,buy,NYSE
tx_0003277,2025-06-15 10:18:37,GOOGL,2828.45,185.0,sell,NASDAQ
tx_0008974,2025-06-15 10:18:38,PEP,149.0,579.0,buy,NYSE
tx_0000575,2025-06-15 10:18:40,ADBE,599.06,518.0,buy,NASDAQ
tx_0006117,2025-06-15 10:18:41,NVDA,198.63,15.0,sell,NASDAQ
tx_0004629,2025-06-15 10:18:41,KO,56.5,467.0,sell,NYSE
tx_0003854,2025-06-15 10:18:44,PG,138.97,281.0,buy,NYSE
tx_0008266,2025-06-15 10:18:48,BRK.B,274.89,196.0,buy,NYSE
tx_0003551,2025-06-15 10:18:49,AMZN,3589.47,428.0,buy,NASDAQ
tx_0009097,2025-06-15 10:18:52,WMT,141.17,427.0,sell,NYSE
tx_0006781,2025-06-15 10:18:54,KO,57.13,974.0,sell,NYSE
tx_0003598,2025-06-15 10:18:54,NVDA,197.1,107.0,sell,NASDAQ
tx_0002262,2025-06-15 10:18:58,JNJ,169.12,269.0,sell,NYSE
tx_0000479,2025-06-15 10:19:01,NFLX,496.84,188.0,sell,NASDAQ
tx_0003486,2025-06-15 10:19:02,PG,141.0,865.0,sell,NYSE
tx_0004154,2025-06-15 10:19:04,BRK.B,273.77,260.0,buy,NYSE
tx_0001564,2025-06-15 10:19:05,MSFT,298.07,193.0,sell,NASDAQ
tx_0005049,2025-06-15 10:19:06,MA,351.34,927.0,sell,NYSE
tx_0003713,2025-06-15 10:19:07,GOOGL,2827.57,327.0,sell,NASDAQ
tx_0009483,2025-06-15 10:19:09,DIS,185.38,675.0,sell,NYSE
tx_0002814,2025-06-15 10:19:11,KO,57.11,300.0,buy,NYSE
tx_0000779,2025-06-15 10:19:15,ADBE,597.91,948.0,buy,NASDAQ
tx_0002114,2025-06-15 10:19:18,MA,346.96,59.0,buy,NYSE
tx_0006579,2025-06-15 10:19:19,MSFT,302.92,557.0,sell,NASDAQ
tx_0005180,2025-06-15 10:19:21,WMT,140.28,765.0,buy,NYSE
tx_0007461,2025-06-15 10:19:25,KO,56.25,204.0,sell,NYSE
tx_0005397,2025-06-15 10:19:26,PEP,150.9,373.0,sell,NYSE
tx_0001456,2025-06-15 10:19:30,PG,,987.0,sell,NYSE
tx_0005757,2025-06-15 10:19:30,MCD,249.98,232.0,sell,NYSE
tx_0009680,2025-06-15 10:19:34,V,218.52,547.0,buy,NYSE
tx_0007842,2025-06-15 10:19:34,NVDA,200.19,962.0,sell,NASDAQ
tx_0003219,2025-06-15 10:19:35,TSLA,705.84,436.0,buy,NASDAQ
tx_0000854,2025-06-15 10:19:36,BRK.B,274.57,640.0,buy,NYSE
tx_0003138,2025-06-15 10:19:39,V,218.23,88.0,sell,NYSE
tx_0007567,2025-06-15 10:19:39,PG,140.28,894.0,buy,NYSE
tx_0000107,2025-06-15 10:19:43,ADBE,601.67,67.0,sell,NASDAQ
tx_0009717,2025-06-15 10:19:43,DIS,185.48,591.0,sell,NYSE
tx_0007944,2025-06-15 10:19:43,MSFT,298.97,545.0,buy,NASDAQ
tx_0005443,2025-06-15 10:19:47,JNJ,169.11,445.0,sell,NYSE
tx_0009632,2025-06-15 10:19:48,MA,349.68,268.0,sell,NYSE
tx_0001101,2025-06-15 10:19:49,MSFT,298.37,285.0,sell,NASDAQ
tx_0000656,2025-06-15 10:19:51,JNJ,168.87,752.0,sell,NYSE
tx_0003063,2025-06-15 10:19:55,TSLA,708.0,572.0,sell,NASDAQ
tx_0008399,2025-06-15 10:20:01,V,216.29,175.0,buy,NYSE
tx_0001449,2025-06-15 10:20:02,MSFT,300.92,224.0,sell,NASDAQ
tx_0004922,2025-06-15 10:20:12,FB,344.12,470.0,buy,NASDAQ
tx_0009331,2025-06-15 10:20:13,MSFT,303.57,415.0,buy,NASDAQ
tx_0009992,2025-06-15 10:20:13,MSFT,303.81,935.0,sell,NASDAQ
tx_0000995,2025-06-15 10:20:15,V,215.06,561.0,buy,NYSE
tx_0000879,2025-06-15 10:20:17,PG,139.97,631.0,buy,NYSE
tx_0006056,2025-06-15 10:20:17,ADBE,599.81,347.0,,NASDAQ
tx_0007314,2025-06-15 10:20:19,DIS,183.65,480.0,buy,NYSE
tx_0006619,2025-06-15 10:20:20,AAPL,146.05,304.0,sell,NASDAQ
tx_0002955,2025-06-15 10:20:20,PYPL,242.97,991.0,buy,NASDAQ
tx_0003443,2025-06-15 10:20:20,PG,138.63,721.0,sell,NYSE
tx_0005850,2025-06-15 10:20:21,PG,140.31,335.0,sell,NYSE
tx_0006931,2025-06-15 10:20:28,MCD,252.95,337.0,sell,NYSE
tx_0003616,2025-06-15 10:20:29,MSFT,302.73,275.0,sell,NASDAQ
tx_0004777,2025-06-15 10:20:41,JNJ,170.04,80.0,sell,NYSE
tx_0001823,2025-06-15 10:20:43,WMT,141.44,218.0,buy,NYSE
tx_0006415,2025-06-15 10:20:47,KO,57.06,939.0,sell,NYSE
tx_0007690,2025-06-15 10:20:47,MA,346.02,834.0,sell,NYSE
tx_0008018,2025-06-15 10:20:50,FB,338.29,213.0,sell,NASDAQ
tx_0008957,2025-06-15 10:20:51,KO,56.48,341.0,buy,NYSE
tx_0001040,2025-06-15 10:20:52,WMT,142.83,145.0,sell,NYSE
tx_0000501,2025-06-15 10:20:56,V,216.85,830.0,buy,NYSE
tx_0008829,2025-06-15 10:20:57,MSFT,299.66,765.0,buy,
tx_0009101,2025-06-15 10:20:59,KO,56.35,519.0,buy,NYSE
tx_0009801,2025-06-15 10:20:59,JNJ,170.32,501.0,buy,NYSE
tx_0006432,2025-06-15 10:21:02,MA,349.95,613.0,buy,NYSE
tx_0007941,2025-06-15 10:21:04,AMZN,3552.69,990.0,sell,NASDAQ
tx_0001491,2025-06-15 10:21:04,BRK.B,276.21,194.0,sell,NYSE
tx_0003765,2025-06-15 10:21:10,GOOGL,2814.51,387.0,buy,NASDAQ
tx_0001688,2025-06-15 10:21:11,DIS,183.71,526.0,sell,NYSE
tx_0002725,2025-06-15 10:21:15,BRK.B,274.65,55.0,buy,NYSE
tx_0001430,2025-06-15 10:21:15,PYPL,245.24,802.0,buy,NASDAQ
tx_0008066,2025-06-15 10:21:18,FB,338.5,498.0,buy,NASDAQ
tx_0007275,2025-06-15 10:21:26,FB,339.87,12.0,sell,NASDAQ
tx_0000307,2025-06-15 10:21:26,MCD,252.85,311.0,buy,NYSE
tx_0008277,2025-06-15 10:21:28,NFLX,496.51,264.0,sell,NASDAQ
tx_0006563,2025-06-15 10:21:29,MA,346.96,509.0,buy,NYSE
tx_0007484,2025-06-15 10:21:29,MSFT,301.59,706.0,buy,NASDAQ
tx_0001787,2025-06-15 10:21:30,MSFT,302.3,371.0,sell,NASDAQ
tx_0000381,2025-06-15 10:21:31,MSFT,298.89,539.0,buy,NASDAQ
tx_0007475,2025-06-15 10:21:33,DIS,185.15,476.0,sell,NYSE
tx_0009446,2025-06-15 10:21:33,TSLA,708.17,66.0,buy,NASDAQ
tx_0002365,2025-06-15 10:21:41,WMT,142.17,777.0,sell,NYSE
tx_0003058,2025-06-15 10:21:48,FB,343.53,300.0,sell,NASDAQ
tx_0003942,2025-06-15 10:21:50,NFLX,501.41,328.0,buy,NASDAQ
tx_0001155,2025-06-15 10:21:52,MA,350.15,627.0,sell,NYSE
tx_0004617,2025-06-15 10:21:54,AAPL,146.72,933.0,sell,NASDAQ
tx_0003812,2025-06-15 10:21:58,ADBE,596.85,520.0,sell,NASDAQ
tx_0005488,2025-06-15 10:22:00,TSLA,709.06,292.0,sell,NASDAQ
tx_0007251,2025-06-15 10:22:03,ADBE,599.48,687.0,buy,NASDAQ
tx_0000787,2025-06-15 10:22:03,JNJ,167.72,598.0,buy,NYSE
tx_0009178,2025-06-15 10:22:04,ADBE,590.35,262.0,sell,NASDAQ
tx_0000740,2025-06-15 10:22:09,MSFT,302.67,903.0,sell,NASDAQ
tx_0004212,2025-06-15 10:22:14,KO,56.68,283.0,sell,NYSE
tx_0005853,2025-06-15 10:22:14,WMT,142.32,725.0,buy,NYSE
tx_0005428,2025-06-15 10:22:17,PYPL,244.18,538.0,buy,NASDAQ
tx_0004213,2025-06-15 10:22:21,PG,138.89,617.0,sell,NYSE
tx_0008629,2025-06-15 10:22:23,MA,353.65,932.0,buy,
tx_0008435,2025-06-15 10:22:25,TSLA,710.3,219.0,buy,NASDAQ
tx_0000873,2025-06-15 10:22:26,TSLA,708.29,194.0,buy,NASDAQ
tx_0005490,2025-06-15 10:22:30,TSLA,716.59,324.0,sell,NASDAQ
tx_0002570,2025-06-15 10:22:32,AMZN,3586.06,800.0,buy,NASDAQ
tx_0007460,2025-06-15 10:22:34,PG,138.91,826.0,sell,NYSE
tx_0008094,2025-06-15 10:22:35,BRK.B,275.61,29.0,buy,NYSE
tx_0001963,2025-06-15 10:22:38,NVDA,198.29,191.0,buy,NASDAQ
tx_0002702,2025-06-15 10:22:41,PG,137.69,784.0,sell,NYSE
tx_0000738,2025-06-15 10:22:45,PG,137.46,95.0,sell,NYSE
tx_0002754,2025-06-15 10:22:45,KO,57.48,842.0,buy,NYSE
tx_0000888,2025-06-15 10:22:47,V,216.26,9.0,buy,NYSE
tx_0000235,2025-06-15 10:22:53,ADBE,602.19,108.0,buy,NASDAQ
tx_0000382,2025-06-15 10:23:01,BRK.B,275.08,890.0,buy,NYSE
tx_0001703,2025-06-15 10:23:01,MSFT,300.25,27.0,sell,NASDAQ
tx_0006657,2025-06-15 10:23:05,PEP,150.7,294.0,buy,NYSE
tx_0001790,2025-06-15 10:23:11,AMZN,3568.47,891.0,buy,NASDAQ
tx_0008282,2025-06-15 10:23:12,JNJ,169.26,307.0,sell,NYSE
tx_0007497,2025-06-15 10:23:13,NFLX,496.22,343.0,buy,NASDAQ
tx_0001872,2025-06-15 10:23:15,FB,344.63,9.0,buy,NASDAQ
tx_0006768,2025-06-15 10:23:20,PG,136.99,722.0,buy,NYSE
tx_0003572,2025-06-15 10:23:20,MA,348.99,722.0,sell,
tx_0000277,2025-06-15 10:23:21,AAPL,144.95,476.0,buy,NASDAQ
tx_0002443,2025-06-15 10:23:21,FB,339.88,867.0,buy,NASDAQ
tx_0003062,2025-06-15 10:23:22,FB,338.23,567.0,buy,NASDAQ
tx_0006359,2025-06-15 10:23:23,NVDA,199.55,224.0,sell,NASDAQ
tx_0002812,2025-06-15 10:23:24,NFLX,499.3,794.0,sell,NASDAQ
tx_0001624,2025-06-15 10:23:24,PYPL,241.23,450.0,sell,NASDAQ
tx_0004750,2025-06-15 10:23:27,DIS,185.59,109.0,sell,NYSE
tx_0008324,2025-06-15 10:23:28,GOOGL,2813.36,841.0,sell,NASDAQ
tx_0007044,2025-06-15 10:23:33,PEP,148.66,21.0,buy,NYSE
tx_0002087,2025-06-15 10:23:33,FB,339.7,438.0,buy,NASDAQ
tx_0009195,2025-06-15 10:23:36,TSLA,718.01,4.0,sell,NASDAQ
tx_0001741,2025-06-15 10:23:36,KO,58.07,479.0,buy,NYSE
tx_0000974,2025-06-15 10:23:37,GOOGL,2817.19,584.0,sell,NASDAQ
tx_0009175,2025-06-15 10:23:42,WMT,,541.0,sell,NYSE
tx_0004690,2025-06-15 10:23:46,ADBE,596.57,847.0,buy,NASDAQ
tx_0006974,2025-06-15 10:23:58,NVDA,199.6,231.0,buy,NASDAQ
tx_0005609,2025-06-15 10:23:58,DIS,184.99,66.0,buy,NYSE
tx_0005103,2025-06-15 10:24:05,WMT,141.57,461.0,buy,NYSE
tx_0000750,2025-06-15 10:24:06,PEP,148.92,761.0,buy,NYSE
tx_0004765,2025-06-15 10:24:09,JNJ,167.7,648.0,buy,NYSE
tx_0000744,2025-06-15 10:24:10,WMT,141.94,399.0,sell,NYSE
tx_0002931,2025-06-15 10:24:11,WMT,144.26,180.0,buy,NYSE
tx_0003166,2025-06-15 10:24:13,DIS,183.89,330.0,buy,NYSE
tx_0004576,2025-06-15 10:24:17,WMT,143.84,702.0,buy,NYSE
tx_0005515,2025-06-15 10:24:18,MCD,250.74,,sell,NYSE
tx_0006698,2025-06-15 10:24:19,KO,58.03,751.0,sell,NYSE
tx_0007630,2025-06-15 10:24:23,MCD,251.21,878.0,buy,NYSE
tx_0003697,2025-06-15 10:24:25,PYPL,244.19,823.0,sell,NASDAQ
tx_0004514,2025-06-15 10:24:25,JNJ,170.34,207.0,sell,NYSE
tx_0009899,2025-06-15 10:24:29,NFLX,495.4,585.0,buy,NASDAQ
tx_0000412,2025-06-15 10:24:30,PEP,148.47,62.0,buy,NYSE
tx_0006215,2025-06-15 10:24:31,V,215.11,500.0,buy,NYSE
tx_0009543,2025-06-15 10:24:32,NFLX,498.08,515.0,sell,NASDAQ
tx_0008670,2025-06-15 10:24:33,NFLX,496.47,499.0,buy,NASDAQ
tx_0009813,2025-06-15 10:24:34,BRK.B,270.84,2.0,sell,NYSE
tx_0009847,2025-06-15 10:24:35,JNJ,167.29,80.0,sell,NYSE
tx_0000270,2025-06-15 10:24:37,AMZN,3564.43,411.0,buy,NASDAQ
tx_0009007,2025-06-15 10:24:37,JNJ,168.0,357.0,sell,NYSE
tx_0005232,2025-06-15 10:24:39,DIS,183.26,700.0,buy,NYSE
tx_0000514,2025-06-15 10:24:41,TSLA,712.77,632.0,buy,NASDAQ
tx_0009189,2025-06-15 10:24:41,AAPL,146.4,844.0,sell,NASDAQ
tx_0004923,2025-06-15 10:24:43,DIS,184.2,615.0,sell,NYSE
tx_0006942,2025-06-15 10:24:45,AAPL,144.67,418.0,buy,NASDAQ
tx_0007972,2025-06-15 10:24:46,PEP,148.62,493.0,sell,NYSE
tx_0004815,2025-06-15 10:24:52,PG,137.73,818.0,buy,NYSE
tx_0008842,2025-06-15 10:24:53,DIS,182.65,259.0,buy,NYSE
tx_0004944,2025-06-15 10:24:55,AAPL,146.15,740.0,buy,NASDAQ
tx_0008569,2025-06-15 10:24:55,JNJ,167.95,197.0,sell,NYSE
tx_0003852,2025-06-15 10:24:56,WMT,143.93,445.0,sell,NYSE
tx_0000745,2025-06-15 10:24:56,PYPL,241.05,585.0,buy,NASDAQ
tx_0000709,2025-06-15 10:24:58,BRK.B,271.95,905.0,buy,NYSE
tx_0001646,2025-06-15 10:24:58,NVDA,199.82,864.0,buy,NASDAQ
tx_0008468,2025-06-15 10:25:03,WMT,141.8,732.0,buy,NYSE
tx_0001862,2025-06-15 10:25:07,AAPL,144.24,981.0,sell,NASDAQ
tx_0000291,2025-06-15 10:25:12,V,216.0,600.0,buy,NYSE
tx_0006885,2025-06-15 10:25:16,KO,57.28,470.0,buy,NYSE
tx_0002196,2025-06-15 10:25:16,DIS,184.26,305.0,sell,NYSE
tx_0008940,2025-06-15 10:25:16,NFLX,494.55,531.0,sell,NASDAQ
tx_0005401,2025-06-15 10:25:18,GOOGL,2828.68,110.0,buy,NASDAQ
tx_0002334,2025-06-15 10:25:19,MCD,251.09,484.0,buy,NYSE
tx_0009479,2025-06-15 10:25:20,BRK.B,271.97,327.0,buy,NYSE
tx_0009930,2025-06-15 10:25:23,PG,138.8,384.0,buy,NYSE
tx_0009495,2025-06-15 10:25:30,MCD,249.28,740.0,sell,NYSE
tx_0003964,2025-06-15 10:25:31,GOOGL,2797.98,35.0,sell,NASDAQ
tx_0006988,2025-06-15 10:25:33,FB,335.39,535.0,buy,NASDAQ
tx_0004614,2025-06-15 10:25:34,V,217.09,155.0,sell,NYSE
tx_0005772,2025-06-15 10:25:34,MSFT,301.65,230.0,sell,NASDAQ
tx_0003573,2025-06-15 10:25:34,BRK.B,272.94,341.0,buy,NYSE
tx_0004045,2025-06-15 10:25:36,KO,,987.0,sell,NYSE
tx_0008123,2025-06-15 10:25:37,PEP,149.97,283.0,buy,NYSE
tx_0009135,2025-06-15 10:25:38,BRK.B,270.92,564.0,sell,NYSE
tx_0004466,2025-06-15 10:25:39,TSLA,710.16,270.0,sell,NASDAQ
tx_0002755,2025-06-15 10:25:41,MCD,251.97,956.0,sell,NYSE
tx_0009968,2025-06-15 10:25:43,DIS,183.87,665.0,sell,NYSE
tx_0002173,2025-06-15 10:25:43,GOOGL,2826.04,506.0,buy,NASDAQ
tx_0006635,2025-06-15 10:25:44,ADBE,596.01,840.0,sell,NASDAQ
tx_0009921,2025-06-15 10:25:45,NVDA,198.46,710.0,buy,NASDAQ
tx_0002908,2025-06-15 10:25:46,AMZN,3599.63,448.0,sell,NASDAQ
tx_0002052,2025-06-15 10:25:49,NFLX,492.12,896.0,buy,NASDAQ
tx_0001235,2025-06-15 10:25:50,PG,138.76,882.0,buy,NYSE
tx_0009338,2025-06-15 10:25:54,MCD,,407.0,buy,NYSE
tx_0001578,2025-06-15 10:26:00,GOOGL,2797.98,670.0,buy,NASDAQ
tx_0002518,2025-06-15 10:26:04,PYPL,241.79,699.0,sell,NASDAQ
tx_0009816,2025-06-15 10:26:08,PYPL,240.17,24.0,buy,NASDAQ
tx_0008833,2025-06-15 10:26:10,V,215.55,353.0,sell,NYSE
tx_0005674,2025-06-15 10:26:13,AAPL,146.0,899.0,buy,NASDAQ
tx_0002736,2025-06-15 10:26:15,JNJ,167.24,841.0,sell,NYSE
tx_0005246,2025-06-15 10:26:18,NVDA,198.79,424.0,sell,NASDAQ
tx_0006054,2025-06-15 10:26:18,GOOGL,2781.76,569.0,buy,NASDAQ
tx_0005522,2025-06-15 10:26:20,AAPL,145.06,286.0,sell,NASDAQ
tx_0004552,2025-06-15 10:26:22,KO,57.21,803.0,buy,NYSE
tx_0002881,2025-06-15 10:26:22,GOOGL,2781.04,599.0,sell,NASDAQ
tx_0001405,2025-06-15 10:26:24,FB,336.51,552.0,buy,NASDAQ
tx_0007419,2025-06-15 10:26:26,PEP,149.36,728.0,sell,NYSE
tx_0003815,2025-06-15 10:26:27,PG,138.1,962.0,buy,NYSE
tx_0001426,2025-06-15 10:26:29,MSFT,304.01,502.0,sell,NASDAQ
tx_0003376,2025-06-15 10:26:32,GOOGL,2813.62,583.0,buy,NASDAQ
tx_0007278,2025-06-15 10:26:33,PG,137.94,703.0,sell,NYSE
tx_0002545,2025-06-15 10:26:34,AAPL,144.66,532.0,buy,NASDAQ
tx_0008295,2025-06-15 10:26:45,FB,339.03,863.0,buy,NASDAQ
tx_0004536,2025-06-15 10:26:47,NVDA,197.56,35.0,sell,NASDAQ
tx_0006735,2025-06-15 10:26:48,JNJ,169.92,894.0,buy,NYSE
tx_0008341,2025-06-15 10:26:49,BRK.B,272.32,209.0,sell,NYSE
tx_0000662,2025-06-15 10:26:49,NVDA,198.98,865.0,buy,NASDAQ
tx_0009384,2025-06-15 10:26:51,MA,356.39,607.0,buy,NYSE
tx_0003833,2025-06-15 10:26:55,V,216.36,727.0,buy,NYSE
tx_0003809,2025-06-15 10:26:56,GOOGL,2810.98,921.0,buy,NASDAQ
tx_0001293,2025-06-15 10:26:57,TSLA,714.59,944.0,sell,NASDAQ
tx_0008393,2025-06-15 10:26:59,WMT,144.14,358.0,buy,NYSE
tx_0005682,2025-06-15 10:27:03,AMZN,3607.57,689.0,buy,NASDAQ
tx_0004905,2025-06-15 10:27:04,ADBE,596.13,557.0,buy,NASDAQ
tx_0005212,2025-06-15 10:27:07,AAPL,144.49,273.0,sell,NASDAQ
tx_0003709,2025-06-15 10:27:09,WMT,142.5,765.0,buy,NYSE
tx_0002599,2025-06-15 10:27:09,PG,136.77,379.0,sell,NYSE
tx_0007120,2025-06-15 10:27:11,MSFT,300.48,162.0,sell,NASDAQ
tx_0008130,2025-06-15 10:27:13,PYPL,239.61,916.0,buy,NASDAQ
tx_0005054,2025-06-15 10:27:15,NFLX,493.09,503.0,buy,NASDAQ
tx_0006430,2025-06-15 10:27:15,PEP,150.26,502.0,buy,NYSE
tx_0003341,2025-06-15 10:27:16,AAPL,142.75,14.0,buy,NASDAQ
tx_0009168,2025-06-15 10:27:26,PYPL,243.21,941.0,sell,NASDAQ
tx_0009231,2025-06-15 10:27:27,WMT,142.43,577.0,sell,NYSE
tx_0000955,2025-06-15 10:27:27,GOOGL,2818.48,838.0,buy,NASDAQ
tx_0001387,2025-06-15 10:27:31,KO,57.47,733.0,buy,NYSE
tx_0002777,2025-06-15 10:27:33,WMT,143.3,779.0,sell,NYSE
tx_0008114,2025-06-15 10:27:33,WMT,143.01,420.0,buy,NYSE
tx_0003902,2025-06-15 10:27:35,MSFT,299.87,254.0,sell,NASDAQ
tx_0003102,2025-06-15 10:27:42,BRK.B,269.18,445.0,sell,NYSE
tx_0005122,2025-06-15 10:27:43,NFLX,491.21,701.0,sell,NASDAQ
tx_0008750,2025-06-15 10:27:44,PYPL,239.69,735.0,buy,NASDAQ
tx_0006617,2025-06-15 10:27:45,GOOGL,2778.66,62.0,sell,NASDAQ
tx_0002550,2025-06-15 10:27:46,MSFT,301.93,27.0,buy,NASDAQ
tx_0007169,2025-06-15 10:27:48,FB,339.84,761.0,sell,NASDAQ
tx_0002891,2025-06-15 10:27:53,ADBE,597.68,677.0,buy,NASDAQ
tx_0007614,2025-06-15 10:27:56,GOOGL,2795.46,970.0,buy,NASDAQ
tx_0005823,2025-06-15 10:27:57,MA,354.14,515.0,sell,NYSE
tx_0004147,2025-06-15 10:27:57,BRK.B,270.45,488.0,buy,NYSE
tx_0003175,2025-06-15 10:28:05,MSFT,302.48,155.0,sell,NASDAQ
tx_0005841,2025-06-15 10:28:10,MSFT,302.86,135.0,sell,NASDAQ
tx_0004895,2025-06-15 10:28:10,GOOGL,2810.9,903.0,sell,NASDAQ
tx_0003393,2025-06-15 10:28:15,PYPL,240.29,849.0,buy,NASDAQ
tx_0008626,2025-06-15 10:28:19,KO,58.14,640.0,buy,NYSE
tx_0009566,2025-06-15 10:28:21,MA,353.83,493.0,sell,NYSE
tx_0008998,2025-06-15 10:28:22,TSLA,724.47,523.0,sell,NASDAQ
tx_0002388,2025-06-15 10:28:23,PYPL,240.99,721.0,buy,NASDAQ
tx_0006666,2025-06-15 10:28:26,DIS,183.07,968.0,buy,NYSE
tx_0005230,2025-06-15 10:28:27,PEP,147.76,641.0,buy,NYSE
tx_0001587,2025-06-15 10:28:29,NFLX,495.02,167.0,sell,NASDAQ
tx_0008627,2025-06-15 10:28:29,GOOGL,2797.61,471.0,sell,
tx_0008565,2025-06-15 10:28:30,PEP,148.09,799.0,sell,NYSE
tx_0006813,2025-06-15 10:28:30,AAPL,143.98,742.0,sell,NASDAQ
tx_0009148,2025-06-15 10:28:30,MSFT,301.29,612.0,sell,NASDAQ
tx_0000121,2025-06-15 10:28:32,V,213.4,549.0,buy,NYSE
tx_0001361,2025-06-15 10:28:32,ADBE,602.42,550.0,buy,NASDAQ
tx_0006190,2025-06-15 10:28:32,V,216.08,949.0,buy,NYSE
tx_0009069,2025-06-15 10:28:33,PEP,148.08,235.0,sell,NYSE
tx_0003245,2025-06-15 10:28:33,MA,355.6,258.0,sell,NYSE
tx_0001725,2025-06-15 10:28:36,BRK.B,273.99,414.0,sell,NYSE
tx_0000105,2025-06-15 10:28:39,WMT,143.44,960.0,sell,NYSE
tx_0003457,2025-06-15 10:28:42,AMZN,3564.83,893.0,buy,NASDAQ
tx_0005990,2025-06-15 10:28:43,KO,57.29,657.0,sell,NYSE
tx_0003763,2025-06-15 10:28:44,NFLX,497.25,968.0,buy,NASDAQ
tx_0009686,2025-06-15 10:28:44,ADBE,597.18,65.0,sell,NASDAQ
tx_0009383,2025-06-15 10:28:45,AMZN,3592.7,507.0,buy,NASDAQ
tx_0009417,2025-06-15 10:28:45,WMT,,527.0,buy,NYSE
tx_0004294,2025-06-15 10:28:49,PYPL,240.56,153.0,sell,NASDAQ
tx_0003855,2025-06-15 10:28:49,MSFT,301.8,410.0,buy,NASDAQ
tx_0006686,2025-06-15 10:28:52,JNJ,169.88,238.0,buy,NYSE
tx_0000190,2025-06-15 10:28:52,AMZN,3593.36,869.0,buy,NASDAQ
tx_0003724,2025-06-15 10:28:55,V,214.28,735.0,buy,NYSE
tx_0003555,2025-06-15 10:29:01,BRK.B,271.34,531.0,buy,NYSE
tx_0007412,2025-06-15 10:29:06,PG,138.33,123.0,buy,NYSE
tx_0001808,2025-06-15 10:29:11,PYPL,241.37,960.0,buy,NASDAQ
tx_0009308,2025-06-15 10:29:13,AMZN,3593.95,628.0,sell,NASDAQ
tx_0006241,2025-06-15 10:29:14,DIS,182.9,388.0,buy,NYSE
tx_0006689,2025-06-15 10:29:17,V,215.64,290.0,sell,NYSE
tx_0004529,2025-06-15 10:29:18,TSLA,711.85,260.0,buy,NASDAQ
tx_0001747,2025-06-15 10:29:23,MSFT,304.24,15.0,sell,NASDAQ
tx_0001994,2025-06-15 10:29:25,JNJ,168.48,570.0,buy,NYSE
tx_0009152,2025-06-15 10:29:28,V,214.46,350.0,buy,
tx_0007372,2025-06-15 10:29:29,PEP,149.77,772.0,buy,NYSE
tx_0003808,2025-06-15 10:29:29,PEP,149.73,785.0,buy,NYSE
tx_0004479,2025-06-15 10:29:34,AMZN,3529.2,156.0,sell,NASDAQ
tx_0009047,2025-06-15 10:29:34,MA,354.58,417.0,sell,NYSE
tx_0006898,2025-06-15 10:29:36,BRK.B,272.24,913.0,sell,NYSE
tx_0005134,2025-06-15 10:29:37,PG,138.04,795.0,sell,NYSE
tx_0009723,2025-06-15 10:29:37,DIS,181.82,158.0,buy,NYSE
tx_0006310,2025-06-15 10:29:39,KO,58.24,68.0,buy,NYSE
tx_0006297,2025-06-15 10:29:42,MA,352.48,113.0,buy,NYSE
tx_0004341,2025-06-15 10:29:48,BRK.B,272.98,11.0,sell,NYSE
tx_0002598,2025-06-15 10:29:51,KO,57.64,469.0,buy,NYSE
tx_0007496,2025-06-15 10:29:52,FB,337.47,958.0,buy,NASDAQ
tx_0005672,2025-06-15 10:29:53,ADBE,599.58,646.0,buy,NASDAQ
tx_0005934,2025-06-15 10:29:54,GOOGL,2830.77,830.0,buy,NASDAQ
tx_0007135,2025-06-15 10:29:56,PYPL,240.46,80.0,sell,NASDAQ
tx_0005201,2025-06-15 10:29:56,FB,340.04,405.0,sell,NASDAQ
tx_0004756,2025-06-15 10:30:01,KO,58.02,894.0,buy,NYSE
tx_0003267,2025-06-15 10:30:04,PEP,148.43,123.0,buy,NYSE
tx_0000913,2025-06-15 10:30:07,NVDA,198.03,675.0,buy,NASDAQ
tx_0003699,2025-06-15 10:30:08,MCD,251.2,242.0,sell,NYSE
tx_0002983,2025-06-15 10:30:11,WMT,143.0,684.0,buy,NYSE
tx_0001377,2025-06-15 10:30:12,JNJ,168.44,219.0,sell,NYSE
tx_0003237,2025-06-15 10:30:14,GOOGL,2797.21,219.0,buy,
tx_0004185,2025-06-15 10:30:16,AMZN,3563.67,698.0,sell,NASDAQ
tx_0007093,2025-06-15 10:30:17,TSLA,713.87,494.0,buy,NASDAQ
tx_0001182,2025-06-15 10:30:21,FB,336.69,206.0,buy,NASDAQ
tx_0008100,2025-06-15 10:30:21,ADBE,596.44,969.0,buy,NASDAQ
tx_0007905,2025-06-15 10:30:21,WMT,141.68,950.0,sell,NYSE
tx_0001107,2025-06-15 10:30:27,NFLX,499.51,82.0,buy,NASDAQ
tx_0006089,2025-06-15 10:30:28,AAPL,142.83,356.0,buy,NASDAQ
tx_0005967,2025-06-15 10:30:28,MA,353.37,243.0,buy,NYSE
tx_0005559,2025-06-15 10:30:31,PEP,,104.0,buy,NYSE
tx_0009318,2025-06-15 10:30:32,NFLX,499.54,858.0,sell,NASDAQ
tx_0003936,2025-06-15 10:30:33,PYPL,241.3,682.0,buy,NASDAQ
tx_0002216,2025-06-15 10:30:34,DIS,179.66,434.0,buy,NYSE
tx_0006802,2025-06-15 10:30:34,PEP,149.71,116.0,sell,NYSE
tx_0000387,2025-06-15 10:30:40,PEP,150.08,901.0,buy,NYSE
tx_0003863,2025-06-15 10:30:40,PG,138.04,878.0,sell,NYSE
tx_0003110,2025-06-15 10:30:44,MA,359.33,38.0,buy,NYSE
tx_0000342,2025-06-15 10:30:45,KO,57.81,406.0,buy,NYSE
tx_0003728,2025-06-15 10:30:48,KO,58.39,349.0,sell,NYSE
tx_0004030,2025-06-15 10:30:49,FB,338.28,279.0,sell,NASDAQ
tx_0009413,2025-06-15 10:30:53,MCD,250.35,877.0,buy,NYSE
tx_0006197,2025-06-15 10:30:54,ADBE,593.06,853.0,sell,NASDAQ
tx_0000716,2025-06-15 10:30:54,MA,352.88,628.0,buy,NYSE
tx_0007429,2025-06-15 10:30:59,AMZN,3566.66,58.0,buy,NASDAQ
tx_0008457,2025-06-15 10:31:03,MSFT,299.56,100.0,buy,NASDAQ
tx_0007770,2025-06-15 10:31:04,MSFT,299.66,108.0,sell,NASDAQ
tx_0006111,2025-06-15 10:31:06,WMT,142.05,590.0,buy,NYSE
tx_0004148,2025-06-15 10:31:07,JNJ,167.48,687.0,buy,NYSE
tx_0005570,2025-06-15 10:31:18,PG,137.96,68.0,buy,NYSE
tx_0007867,2025-06-15 10:31:19,MA,359.45,756.0,sell,NYSE
tx_0001014,2025-06-15 10:31:21,DIS,182.06,986.0,buy,NYSE
tx_0003411,2025-06-15 10:31:28,PEP,151.0,211.0,sell,NYSE
tx_0005307,2025-06-15 10:31:31,PEP,151.03,429.0,buy,NYSE
tx_0001177,2025-06-15 10:31:32,PG,139.57,367.0,buy,NYSE
tx_0007951,2025-06-15 10:31:33,PEP,151.48,46.0,sell,NYSE
tx_0005029,2025-06-15 10:31:34,JNJ,167.6,816.0,sell,NYSE
tx_0009641,2025-06-15 10:31:34,MCD,246.19,349.0,buy,NYSE
tx_0003117,2025-06-15 10:31:34,MCD,249.36,,sell,NYSE
tx_0006709,2025-06-15 10:31:40,PYPL,238.8,347.0,buy,NASDAQ
tx_0008376,2025-06-15 10:31:41,WMT,140.86,978.0,sell,NYSE
tx_0006780,2025-06-15 10:31:41,PG,139.64,247.0,sell,NYSE
tx_0007629,2025-06-15 10:31:43,V,213.96,937.0,buy,NYSE
tx_0006692,2025-06-15 10:31:43,TSLA,716.18,53.0,buy,NASDAQ
tx_0007104,2025-06-15 10:31:43,FB,339.19,,sell,NASDAQ
tx_0007369,2025-06-15 10:31:47,NVDA,197.65,845.0,sell,NASDAQ
tx_0000135,2025-06-15 10:31:47,BRK.B,271.21,259.0,sell,NYSE
tx_0008004,2025-06-15 10:31:50,PG,140.07,522.0,sell,NYSE
tx_0009581,2025-06-15 10:31:50,NFLX,497.78,776.0,buy,NASDAQ
tx_0003173,2025-06-15 10:31:52,JNJ,166.2,644.0,sell,NYSE
tx_0004390,2025-06-15 10:31:54,PEP,148.77,172.0,sell,NYSE
tx_0003491,2025-06-15 10:31:54,ADBE,591.31,970.0,buy,NASDAQ
tx_0008873,2025-06-15 10:31:55,JNJ,167.8,249.0,sell,NYSE
tx_0008064,2025-06-15 10:32:01,KO,57.79,105.0,sell,NYSE
tx_0004710,2025-06-15 10:32:04,NFLX,498.18,985.0,sell,NASDAQ
tx_0008737,2025-06-15 10:32:05,WMT,141.98,611.0,buy,NYSE
tx_0003771,2025-06-15 10:32:05,TSLA,704.82,840.0,buy,NASDAQ
tx_0007737,2025-06-15 10:32:07,PG,138.23,779.0,sell,NYSE
tx_0003805,2025-06-15 10:32:14,V,214.29,594.0,sell,NYSE
tx_0003941,2025-06-15 10:32:20,PEP,151.44,,buy,NYSE
tx_0006606,2025-06-15 10:32:22,JNJ,,696.0,sell,NYSE
tx_0007807,2025-06-15 10:32:25,PEP,149.88,816.0,sell,NYSE
tx_0002642,2025-06-15 10:32:26,PEP,149.73,147.0,buy,NYSE
tx_0007260,2025-06-15 10:32:29,WMT,142.52,7.0,buy,NYSE
tx_0005043,2025-06-15 10:32:34,NFLX,494.24,902.0,sell,NASDAQ
tx_0009012,2025-06-15 10:32:35,NVDA,196.2,37.0,sell,NASDAQ
tx_0001501,2025-06-15 10:32:40,MSFT,303.27,776.0,buy,NASDAQ
tx_0005681,2025-06-15 10:32:44,MCD,247.62,342.0,sell,NYSE
tx_0009160,2025-06-15 10:32:44,PG,140.23,927.0,buy,NYSE
tx_0007540,2025-06-15 10:32:44,ADBE,593.08,2.0,buy,NASDAQ
tx_0003297,2025-06-15 10:32:47,ADBE,595.59,6.0,sell,NASDAQ
tx_0004166,2025-06-15 10:32:49,AAPL,144.84,201.0,buy,NASDAQ
tx_0002913,2025-06-15 10:32:51,WMT,141.8,852.0,sell,NYSE
tx_0008534,2025-06-15 10:32:51,NFLX,498.26,233.0,sell,NASDAQ
tx_0001238,2025-06-15 10:32:52,MA,353.88,382.0,sell,NYSE
tx_0004503,2025-06-15 10:33:00,DIS,179.3,26.0,,NYSE
tx_0008224,2025-06-15 10:33:04,NFLX,495.33,768.0,sell,NASDAQ
tx_0003394,2025-06-15 10:33:05,JNJ,168.06,216.0,buy,NYSE
tx_0001573,2025-06-15 10:33:11,PG,138.34,667.0,sell,NYSE
tx_0005056,2025-06-15 10:33:14,PEP,150.61,479.0,sell,NYSE
tx_0003465,2025-06-15 10:33:16,PEP,152.07,673.0,buy,NYSE
tx_0004981,2025-06-15 10:33:17,PYPL,237.73,109.0,sell,NASDAQ
tx_0006917,2025-06-15 10:33:17,KO,58.23,17.0,buy,NYSE
tx_0009436,2025-06-15 10:33:18,PG,139.43,646.0,sell,NYSE
tx_0006441,2025-06-15 10:33:19,JNJ,165.93,509.0,buy,NYSE
tx_0008763,2025-06-15 10:33:22,MCD,250.15,899.0,buy,NYSE
tx_0006603,2025-06-15 10:33:23,TSLA,708.61,104.0,buy,NASDAQ
tx_0007956,2025-06-15 10:33:25,PG,139.8,937.0,sell,NYSE
tx_0006411,2025-06-15 10:33:28,WMT,142.04,778.0,buy,NYSE
tx_0006143,2025-06-15 10:33:38,TSLA,713.95,605.0,sell,NASDAQ
tx_0004198,2025-06-15 10:33:42,FB,341.06,892.0,buy,NASDAQ
tx_0001160,2025-06-15 10:33:42,PG,139.52,173.0,buy,NYSE
tx_0005311,2025-06-15 10:33:46,WMT,141.89,889.0,buy,NYSE
tx_0009758,2025-06-15 10:33:48,WMT,141.08,997.0,sell,NYSE
tx_0005917,2025-06-15 10:33:49,ADBE,596.03,726.0,buy,NASDAQ
tx_0005642,2025-06-15 10:33:49,WMT,141.73,163.0,sell,NYSE
tx_0006609,2025-06-15 10:33:50,MSFT,303.37,450.0,buy,NASDAQ
tx_0003353,2025-06-15 10:33:52,TSLA,710.21,116.0,sell,NASDAQ
tx_0006790,2025-06-15 10:33:53,AMZN,3579.48,231.0,sell,NASDAQ
