transaction_id,timestamp,stock_symbol,price,quantity,order_type,exchange
tx_0008980,2025-06-18 09:30:01,AAPL,151.3,166.0,buy,NASDAQ
tx_0000530,2025-06-18 09:30:07,JNJ,169.47,86.0,buy,NYSE
tx_0004879,2025-06-18 09:30:08,NVDA,201.23,579.0,sell,NASDAQ
tx_0003096,2025-06-18 09:30:10,PG,140.98,629.0,sell,NYSE
tx_0005231,2025-06-18 09:30:12,AAPL,148.53,615.0,sell,NASDAQ
tx_0007847,2025-06-18 09:30:13,PEP,150.92,91.0,sell,NYSE
tx_0005126,2025-06-18 09:30:14,MSFT,297.27,572.0,buy,NASDAQ
tx_0000013,2025-06-18 09:30:15,MSFT,301.08,382.0,buy,NASDAQ
tx_0007049,2025-06-18 09:30:22,DIS,,884.0,sell,NYSE
tx_0007028,2025-06-18 09:30:28,MA,346.92,320.0,buy,NYSE
tx_0002994,2025-06-18 09:30:28,TSLA,694.92,99.0,sell,NASDAQ
tx_0009542,2025-06-18 09:30:32,PYPL,247.32,674.0,buy,NASDAQ
tx_0002359,2025-06-18 09:30:33,AMZN,3543.35,545.0,sell,NASDAQ
tx_0002873,2025-06-18 09:30:33,DIS,179.96,174.0,buy,NYSE
tx_0002514,2025-06-18 09:30:43,NVDA,197.57,434.0,buy,NASDAQ
tx_0007826,2025-06-18 09:30:43,BRK.B,279.54,138.0,sell,NYSE
tx_0009222,2025-06-18 09:30:46,V,218.5,880.0,sell,NYSE
tx_0007379,2025-06-18 09:30:47,MCD,248.95,305.0,buy,NYSE
tx_0006456,2025-06-18 09:30:55,V,221.11,465.0,buy,NYSE
tx_0008794,2025-06-18 09:30:55,AAPL,150.82,213.0,sell,NASDAQ
tx_0007716,2025-06-18 09:30:57,PEP,151.04,412.0,buy,NYSE
tx_0004897,2025-06-18 09:30:57,BRK.B,279.78,789.0,sell,NYSE
tx_0008783,2025-06-18 09:30:57,JNJ,169.91,552.0,sell,NYSE
tx_0004111,2025-06-18 09:30:57,DIS,179.23,586.0,buy,NYSE
tx_0005886,2025-06-18 09:31:00,JNJ,170.97,163.0,sell,NYSE
tx_0000986,2025-06-18 09:31:00,MSFT,300.61,115.0,buy,NASDAQ
tx_0004266,2025-06-18 09:31:01,DIS,179.43,854.0,sell,NYSE
tx_0009095,2025-06-18 09:31:03,DIS,180.37,599.0,buy,NYSE
tx_0002209,2025-06-18 09:31:05,ADBE,606.39,899.0,buy,NASDAQ
tx_0005734,2025-06-18 09:31:17,MSFT,299.82,487.0,sell,NASDAQ
tx_0007813,2025-06-18 09:31:17,FB,331.26,318.0,sell,NASDAQ
tx_0009351,2025-06-18 09:31:23,BRK.B,282.53,501.0,sell,NYSE
tx_0002478,2025-06-18 09:31:27,ADBE,596.35,945.0,buy,NASDAQ
tx_0008066,2025-06-18 09:31:28,PYPL,249.02,933.0,sell,NASDAQ
tx_0009024,2025-06-18 09:31:29,BRK.B,283.4,694.0,sell,NYSE
tx_0003032,2025-06-18 09:31:31,KO,55.04,987.0,sell,NYSE
tx_0006554,2025-06-18 09:31:32,KO,54.62,563.0,buy,NYSE
tx_0007286,2025-06-18 09:31:33,MA,348.37,795.0,buy,NYSE
tx_0009554,2025-06-18 09:31:35,ADBE,596.61,239.0,sell,NASDAQ
tx_0002382,2025-06-18 09:31:36,GOOGL,2785.63,226.0,buy,NASDAQ
tx_0005613,2025-06-18 09:31:37,WMT,139.33,105.0,sell,NYSE
tx_0004137,2025-06-18 09:31:41,PG,138.94,797.0,buy,NYSE
tx_0005953,2025-06-18 09:31:42,MCD,247.65,324.0,buy,NYSE
tx_0003436,2025-06-18 09:31:42,TSLA,696.91,323.0,sell,NASDAQ
tx_0002636,2025-06-18 09:31:42,ADBE,604.64,679.0,buy,NASDAQ
tx_0009398,2025-06-18 09:31:53,WMT,140.21,365.0,sell,NYSE
tx_0007225,2025-06-18 09:31:58,AMZN,3550.0,174.0,buy,NASDAQ
tx_0008479,2025-06-18 09:31:59,TSLA,707.49,499.0,buy,NASDAQ
tx_0003764,2025-06-18 09:32:00,FB,330.84,959.0,buy,NASDAQ
tx_0002206,2025-06-18 09:32:01,MSFT,298.15,410.0,buy,NASDAQ
tx_0004489,2025-06-18 09:32:02,TSLA,701.05,16.0,sell,NASDAQ
tx_0007394,2025-06-18 09:32:05,KO,54.39,551.0,buy,NYSE
tx_0002982,2025-06-18 09:32:06,NFLX,495.4,249.0,buy,NASDAQ
tx_0009052,2025-06-18 09:32:06,PYPL,250.25,132.0,sell,NASDAQ
tx_0003423,2025-06-18 09:32:06,BRK.B,282.79,852.0,sell,NYSE
tx_0007125,2025-06-18 09:32:11,PEP,149.91,721.0,sell,NYSE
tx_0000567,2025-06-18 09:32:21,MA,348.15,448.0,buy,NYSE
tx_0005655,2025-06-18 09:32:22,AMZN,3554.34,560.0,buy,NASDAQ
tx_0001162,2025-06-18 09:32:22,V,220.31,248.0,buy,NYSE
tx_0008731,2025-06-18 09:32:23,FB,329.17,736.0,buy,NASDAQ
tx_0006670,2025-06-18 09:32:26,V,217.16,386.0,buy,NYSE
tx_0002420,2025-06-18 09:32:29,WMT,139.77,942.0,buy,NYSE
tx_0009022,2025-06-18 09:32:35,GOOGL,2818.44,597.0,buy,NASDAQ
tx_0008650,2025-06-18 09:32:35,PYPL,252.1,8.0,buy,NASDAQ
tx_0004484,2025-06-18 09:32:35,KO,54.25,952.0,buy,NYSE
tx_0001754,2025-06-18 09:32:40,NFLX,496.01,277.0,buy,NASDAQ
tx_0002441,2025-06-18 09:32:42,NVDA,201.05,580.0,buy,NASDAQ
tx_0007161,2025-06-18 09:32:44,PG,140.06,440.0,sell,NYSE
tx_0005487,2025-06-18 09:32:44,MSFT,300.8,940.0,buy,NASDAQ
tx_0005310,2025-06-18 09:32:52,PYPL,249.86,975.0,buy,NASDAQ
tx_0006871,2025-06-18 09:32:57,ADBE,600.85,374.0,buy,NASDAQ
tx_0007705,2025-06-18 09:33:03,MSFT,301.97,971.0,buy,NASDAQ
tx_0004164,2025-06-18 09:33:12,AMZN,3556.76,885.0,sell,NASDAQ
tx_0009545,2025-06-18 09:33:13,PEP,150.67,551.0,buy,NYSE
tx_0005930,2025-06-18 09:33:19,GOOGL,2800.52,345.0,buy,NASDAQ
tx_0009123,2025-06-18 09:33:19,JNJ,,781.0,sell,NYSE
tx_0006256,2025-06-18 09:33:26,KO,54.71,516.0,buy,NYSE
tx_0007471,2025-06-18 09:33:32,KO,54.31,569.0,buy,NYSE
tx_0001570,2025-06-18 09:33:32,MCD,249.01,325.0,buy,NYSE
tx_0004773,2025-06-18 09:33:35,MSFT,300.57,204.0,sell,NASDAQ
tx_0008480,2025-06-18 09:33:36,DIS,180.08,198.0,sell,NYSE
tx_0005526,2025-06-18 09:33:36,KO,54.58,163.0,buy,NYSE
tx_0007233,2025-06-18 09:33:38,JNJ,172.43,429.0,buy,NYSE
tx_0009402,2025-06-18 09:33:39,PG,139.14,396.0,buy,NYSE
tx_0001573,2025-06-18 09:33:43,DIS,181.37,521.0,buy,NYSE
tx_0007490,2025-06-18 09:33:44,GOOGL,2807.59,,sell,NASDAQ
tx_0006301,2025-06-18 09:33:48,FB,327.4,365.0,buy,NASDAQ
tx_0004556,2025-06-18 09:33:55,PG,140.18,335.0,sell,NYSE
tx_0000450,2025-06-18 09:33:57,TSLA,690.91,585.0,sell,NASDAQ
tx_0007048,2025-06-18 09:33:58,MCD,246.77,490.0,buy,NYSE
tx_0008394,2025-06-18 09:33:59,KO,55.06,771.0,buy,NYSE
tx_0008869,2025-06-18 09:34:09,GOOGL,2816.92,388.0,sell,NASDAQ
tx_0008795,2025-06-18 09:34:11,BRK.B,282.93,769.0,buy,NYSE
tx_0004732,2025-06-18 09:34:12,PYPL,248.11,364.0,sell,NASDAQ
tx_0000460,2025-06-18 09:34:13,DIS,179.54,714.0,buy,NYSE
tx_0008109,2025-06-18 09:34:13,MSFT,299.36,323.0,buy,NASDAQ
tx_0002702,2025-06-18 09:34:21,MA,347.54,928.0,sell,NYSE
tx_0001378,2025-06-18 09:34:23,AMZN,3500.16,201.0,buy,NASDAQ
tx_0005331,2025-06-18 09:34:27,PG,140.6,819.0,buy,NYSE
tx_0000076,2025-06-18 09:34:35,GOOGL,2811.33,432.0,buy,NASDAQ
tx_0001539,2025-06-18 09:34:35,MSFT,296.14,879.0,sell,NASDAQ
tx_0002600,2025-06-18 09:34:38,PYPL,247.06,593.0,sell,NASDAQ
tx_0001113,2025-06-18 09:34:38,JNJ,170.54,756.0,sell,NYSE
tx_0005405,2025-06-18 09:34:38,V,217.53,390.0,sell,NYSE
tx_0004652,2025-06-18 09:34:39,MA,353.01,664.0,sell,NYSE
tx_0006704,2025-06-18 09:34:44,MA,354.9,472.0,buy,NYSE
tx_0002152,2025-06-18 09:34:49,ADBE,600.21,879.0,buy,NASDAQ
tx_0009174,2025-06-18 09:34:50,GOOGL,2805.85,813.0,sell,NASDAQ
tx_0005306,2025-06-18 09:34:51,BRK.B,282.84,350.0,sell,NYSE
tx_0004708,2025-06-18 09:34:52,MCD,246.35,89.0,sell,NYSE
tx_0006671,2025-06-18 09:34:53,PG,141.23,610.0,buy,NYSE
tx_0006845,2025-06-18 09:34:53,AAPL,149.49,95.0,sell,NASDAQ
tx_0004727,2025-06-18 09:34:54,GOOGL,2764.37,720.0,buy,NASDAQ
tx_0001892,2025-06-18 09:34:58,TSLA,701.78,343.0,sell,NASDAQ
tx_0002719,2025-06-18 09:35:00,PEP,151.18,478.0,buy,NYSE
tx_0008793,2025-06-18 09:35:02,JNJ,170.37,350.0,buy,NYSE
tx_0009149,2025-06-18 09:35:08,AAPL,149.41,87.0,sell,NASDAQ
tx_0001821,2025-06-18 09:35:09,JNJ,169.24,301.0,buy,NYSE
tx_0005813,2025-06-18 09:35:12,DIS,182.02,588.0,sell,NYSE
tx_0004986,2025-06-18 09:35:13,MCD,245.81,172.0,buy,NYSE
tx_0005346,2025-06-18 09:35:14,GOOGL,2793.86,402.0,sell,NASDAQ
tx_0005651,2025-06-18 09:35:16,KO,54.92,579.0,buy,NYSE
tx_0006335,2025-06-18 09:35:27,PEP,152.05,973.0,buy,NYSE
tx_0002726,2025-06-18 09:35:30,PEP,151.7,122.0,buy,NYSE
tx_0001192,2025-06-18 09:35:37,ADBE,597.51,985.0,buy,NASDAQ
tx_0000485,2025-06-18 09:35:39,TSLA,693.7,891.0,buy,NASDAQ
tx_0002758,2025-06-18 09:35:41,KO,54.18,136.0,sell,NYSE
tx_0002445,2025-06-18 09:35:42,BRK.B,282.05,840.0,sell,NYSE
tx_0001429,2025-06-18 09:35:44,AAPL,149.83,517.0,buy,NASDAQ
tx_0007390,2025-06-18 09:35:46,V,219.34,38.0,sell,NYSE
tx_0005398,2025-06-18 09:35:49,V,217.51,324.0,buy,NYSE
tx_0003251,2025-06-18 09:35:52,GOOGL,2795.31,70.0,sell,NASDAQ
tx_0009352,2025-06-18 09:35:53,DIS,179.85,584.0,buy,NYSE
tx_0000758,2025-06-18 09:35:58,MA,355.71,475.0,buy,NYSE
tx_0000737,2025-06-18 09:36:00,WMT,140.03,447.0,sell,NYSE
tx_0008156,2025-06-18 09:36:01,DIS,180.56,390.0,buy,NYSE
tx_0009441,2025-06-18 09:36:03,AMZN,3517.41,518.0,sell,NASDAQ
tx_0005328,2025-06-18 09:36:04,FB,326.66,183.0,buy,NASDAQ
tx_0002568,2025-06-18 09:36:05,ADBE,596.21,26.0,buy,NASDAQ
tx_0003228,2025-06-18 09:36:11,NFLX,501.08,216.0,buy,NASDAQ
tx_0009968,2025-06-18 09:36:13,WMT,141.0,699.0,sell,NYSE
tx_0005552,2025-06-18 09:36:13,ADBE,607.2,536.0,sell,NASDAQ
tx_0002293,2025-06-18 09:36:16,PYPL,247.89,955.0,sell,NASDAQ
tx_0003493,2025-06-18 09:36:17,JNJ,170.34,684.0,buy,NYSE
tx_0005946,2025-06-18 09:36:17,KO,54.26,977.0,sell,NYSE
tx_0006916,2025-06-18 09:36:23,BRK.B,278.99,103.0,sell,NYSE
tx_0006271,2025-06-18 09:36:25,TSLA,691.18,529.0,buy,NASDAQ
tx_0004455,2025-06-18 09:36:26,TSLA,693.91,704.0,sell,NASDAQ
tx_0009650,2025-06-18 09:36:28,NVDA,200.25,110.0,buy,NASDAQ
tx_0003194,2025-06-18 09:36:30,AMZN,3538.24,168.0,buy,NASDAQ
tx_0000371,2025-06-18 09:36:34,NFLX,495.52,91.0,sell,NASDAQ
tx_0001903,2025-06-18 09:36:36,BRK.B,280.03,116.0,buy,NYSE
tx_0009609,2025-06-18 09:36:37,AMZN,3549.0,159.0,sell,NASDAQ
tx_0008404,2025-06-18 09:36:37,TSLA,696.72,873.0,sell,NASDAQ
tx_0009754,2025-06-18 09:36:37,V,221.92,923.0,buy,NYSE
tx_0005919,2025-06-18 09:36:42,GOOGL,2760.16,138.0,sell,NASDAQ
tx_0002103,2025-06-18 09:36:50,NVDA,199.68,666.0,buy,NASDAQ
tx_0005506,2025-06-18 09:36:52,NFLX,492.79,37.0,,NASDAQ
tx_0004099,2025-06-18 09:36:56,MSFT,298.51,329.0,buy,NASDAQ
tx_0005714,2025-06-18 09:36:57,DIS,179.41,274.0,buy,NYSE
tx_0009888,2025-06-18 09:36:58,FB,329.66,239.0,sell,NASDAQ
tx_0003696,2025-06-18 09:37:00,BRK.B,280.4,317.0,buy,NYSE
tx_0000543,2025-06-18 09:37:01,AAPL,149.86,873.0,buy,NASDAQ
tx_0006205,2025-06-18 09:37:01,AMZN,3496.94,51.0,buy,NASDAQ
tx_0009126,2025-06-18 09:37:02,MCD,248.7,272.0,buy,NYSE
tx_0005098,2025-06-18 09:37:05,NVDA,197.98,434.0,buy,NASDAQ
tx_0005069,2025-06-18 09:37:05,ADBE,599.62,827.0,sell,NASDAQ
tx_0001860,2025-06-18 09:37:14,V,220.0,295.0,buy,NYSE
tx_0004753,2025-06-18 09:37:17,TSLA,700.49,605.0,sell,NASDAQ
tx_0004243,2025-06-18 09:37:19,MCD,246.1,256.0,sell,NYSE
tx_0003756,2025-06-18 09:37:19,ADBE,608.25,40.0,buy,NASDAQ
tx_0005704,2025-06-18 09:37:20,MA,354.68,620.0,sell,NYSE
tx_0005314,2025-06-18 09:37:25,JNJ,,727.0,sell,NYSE
tx_0006685,2025-06-18 09:37:29,MCD,248.15,94.0,sell,NYSE
tx_0001010,2025-06-18 09:37:31,NFLX,500.83,129.0,buy,NASDAQ
tx_0009333,2025-06-18 09:37:34,KO,54.74,133.0,buy,NYSE
tx_0002175,2025-06-18 09:37:36,JNJ,171.93,553.0,buy,NYSE
tx_0001819,2025-06-18 09:37:41,AMZN,3545.61,330.0,sell,NASDAQ
tx_0000864,2025-06-18 09:37:42,WMT,138.94,220.0,sell,NYSE
tx_0007404,2025-06-18 09:37:43,JNJ,170.62,320.0,sell,NYSE
tx_0004574,2025-06-18 09:37:50,AAPL,150.13,139.0,buy,NASDAQ
tx_0008627,2025-06-18 09:37:51,NVDA,201.17,566.0,buy,NASDAQ
tx_0001739,2025-06-18 09:37:52,MA,355.28,455.0,buy,NYSE
tx_0002908,2025-06-18 09:37:54,NFLX,492.25,317.0,sell,NASDAQ
tx_0003074,2025-06-18 09:37:54,TSLA,698.46,430.0,buy,NASDAQ
tx_0002534,2025-06-18 09:37:57,FB,328.87,900.0,sell,NASDAQ
tx_0002949,2025-06-18 09:37:58,AAPL,150.8,592.0,sell,NASDAQ
tx_0005022,2025-06-18 09:38:00,TSLA,691.66,908.0,buy,NASDAQ
tx_0001346,2025-06-18 09:38:05,KO,54.17,716.0,sell,NYSE
tx_0005536,2025-06-18 09:38:07,PG,140.51,307.0,buy,
tx_0005496,2025-06-18 09:38:09,AMZN,3502.14,964.0,buy,NASDAQ
tx_0005535,2025-06-18 09:38:09,TSLA,700.12,53.0,sell,NASDAQ
tx_0006453,2025-06-18 09:38:09,PYPL,250.45,484.0,buy,NASDAQ
tx_0008669,2025-06-18 09:38:11,WMT,139.93,668.0,buy,NYSE
tx_0002134,2025-06-18 09:38:11,TSLA,690.26,189.0,sell,NASDAQ
tx_0006016,2025-06-18 09:38:15,GOOGL,2774.41,965.0,sell,NASDAQ
tx_0003140,2025-06-18 09:38:20,DIS,180.89,353.0,buy,NYSE
tx_0002221,2025-06-18 09:38:22,PYPL,249.07,337.0,buy,NASDAQ
tx_0002629,2025-06-18 09:38:28,ADBE,610.83,174.0,buy,NASDAQ
tx_0000509,2025-06-18 09:38:31,PYPL,251.55,741.0,buy,NASDAQ
tx_0001486,2025-06-18 09:38:32,GOOGL,2821.67,567.0,sell,NASDAQ
tx_0005746,2025-06-18 09:38:32,PG,140.05,795.0,buy,NYSE
tx_0009115,2025-06-18 09:38:33,WMT,140.34,470.0,buy,NYSE
tx_0004745,2025-06-18 09:38:39,PEP,149.46,708.0,buy,NYSE
tx_0008541,2025-06-18 09:38:40,BRK.B,286.58,477.0,buy,NYSE
tx_0008053,2025-06-18 09:38:41,MSFT,297.57,64.0,sell,NASDAQ
tx_0007473,2025-06-18 09:38:41,MCD,247.1,956.0,buy,NYSE
tx_0009280,2025-06-18 09:38:42,PG,138.15,377.0,buy,NYSE
tx_0008644,2025-06-18 09:38:45,NFLX,491.88,555.0,buy,NASDAQ
tx_0005599,2025-06-18 09:38:45,PYPL,249.81,109.0,buy,NASDAQ
tx_0002883,2025-06-18 09:38:51,DIS,181.04,367.0,sell,NYSE
tx_0001930,2025-06-18 09:38:54,MSFT,298.72,445.0,buy,NASDAQ
tx_0004747,2025-06-18 09:38:55,BRK.B,282.46,655.0,buy,NYSE
tx_0006421,2025-06-18 09:39:01,TSLA,692.01,475.0,buy,NASDAQ
tx_0003018,2025-06-18 09:39:02,ADBE,607.81,829.0,sell,NASDAQ
tx_0002183,2025-06-18 09:39:03,KO,54.6,396.0,sell,NYSE
tx_0007711,2025-06-18 09:39:03,PYPL,250.19,524.0,buy,NASDAQ
tx_0000416,2025-06-18 09:39:06,MA,352.24,73.0,buy,NYSE
tx_0005401,2025-06-18 09:39:08,PEP,150.4,605.0,buy,NYSE
tx_0000511,2025-06-18 09:39:09,JNJ,,578.0,buy,NYSE
tx_0000451,2025-06-18 09:39:13,PYPL,253.86,870.0,sell,NASDAQ
tx_0007673,2025-06-18 09:39:14,AMZN,3518.23,735.0,sell,NASDAQ
tx_0002015,2025-06-18 09:39:18,ADBE,602.41,574.0,sell,NASDAQ
tx_0001886,2025-06-18 09:39:18,PEP,150.7,323.0,sell,NYSE
tx_0006583,2025-06-18 09:39:20,V,220.0,16.0,sell,
tx_0002772,2025-06-18 09:39:29,MA,354.21,197.0,sell,NYSE
tx_0007587,2025-06-18 09:39:31,V,217.17,256.0,sell,NYSE
tx_0006305,2025-06-18 09:39:33,AAPL,148.89,59.0,sell,NASDAQ
tx_0008136,2025-06-18 09:39:37,BRK.B,285.83,198.0,sell,NYSE
tx_0000779,2025-06-18 09:39:43,PEP,151.23,835.0,sell,NYSE
tx_0004892,2025-06-18 09:39:45,JNJ,171.3,616.0,buy,NYSE
tx_0002305,2025-06-18 09:39:46,NFLX,492.76,248.0,buy,NASDAQ
tx_0000553,2025-06-18 09:39:50,MCD,249.26,129.0,sell,NYSE
tx_0006385,2025-06-18 09:39:51,KO,54.24,297.0,sell,NYSE
tx_0006013,2025-06-18 09:39:53,FB,332.03,494.0,buy,NASDAQ
tx_0000974,2025-06-18 09:39:56,PEP,152.34,321.0,sell,NYSE
tx_0004268,2025-06-18 09:39:57,MA,348.56,41.0,sell,NYSE
tx_0008908,2025-06-18 09:39:57,KO,54.86,386.0,buy,NYSE
tx_0000583,2025-06-18 09:39:59,MSFT,300.77,911.0,sell,NASDAQ
tx_0004291,2025-06-18 09:40:01,PEP,152.95,413.0,buy,NYSE
tx_0002084,2025-06-18 09:40:02,AMZN,3496.71,121.0,buy,NASDAQ
tx_0006556,2025-06-18 09:40:05,WMT,138.49,54.0,buy,NYSE
tx_0001421,2025-06-18 09:40:09,ADBE,606.26,96.0,buy,NASDAQ
tx_0002095,2025-06-18 09:40:11,BRK.B,283.81,722.0,buy,NYSE
tx_0003899,2025-06-18 09:40:15,NFLX,498.74,506.0,sell,NASDAQ
tx_0009871,2025-06-18 09:40:17,WMT,139.82,222.0,sell,NYSE
tx_0003385,2025-06-18 09:40:20,PEP,152.66,26.0,buy,NYSE
tx_0002581,2025-06-18 09:40:21,PG,137.85,495.0,sell,
tx_0005498,2025-06-18 09:40:22,MSFT,299.16,281.0,sell,NASDAQ
tx_0001286,2025-06-18 09:40:23,BRK.B,285.16,623.0,sell,NYSE
tx_0003199,2025-06-18 09:40:26,V,219.88,167.0,buy,NYSE
tx_0007328,2025-06-18 09:40:27,PYPL,253.25,554.0,buy,NASDAQ
tx_0000419,2025-06-18 09:40:29,DIS,181.09,113.0,,NYSE
tx_0004599,2025-06-18 09:40:33,PG,138.45,262.0,buy,NYSE
tx_0007715,2025-06-18 09:40:36,V,218.43,10.0,buy,NYSE
tx_0006942,2025-06-18 09:40:38,PYPL,252.83,510.0,buy,NASDAQ
tx_0008601,2025-06-18 09:40:40,AMZN,3521.36,79.0,buy,NASDAQ
tx_0004954,2025-06-18 09:40:40,ADBE,610.68,355.0,sell,NASDAQ
tx_0008205,2025-06-18 09:40:40,GOOGL,2825.89,402.0,buy,NASDAQ
tx_0008722,2025-06-18 09:40:43,PYPL,254.47,139.0,buy,NASDAQ
tx_0000173,2025-06-18 09:40:45,TSLA,690.76,850.0,buy,NASDAQ
tx_0009539,2025-06-18 09:40:46,PG,138.54,454.0,sell,NYSE
tx_0000662,2025-06-18 09:40:46,AMZN,3505.38,786.0,buy,NASDAQ
tx_0002489,2025-06-18 09:40:57,AMZN,3509.33,539.0,sell,NASDAQ
tx_0009749,2025-06-18 09:41:01,AMZN,3490.42,136.0,buy,NASDAQ
tx_0007375,2025-06-18 09:41:07,PG,139.73,594.0,buy,NYSE
tx_0006486,2025-06-18 09:41:10,TSLA,697.56,611.0,sell,NASDAQ
tx_0003506,2025-06-18 09:41:10,GOOGL,2814.49,985.0,buy,NASDAQ
tx_0008655,2025-06-18 09:41:10,PEP,149.39,344.0,buy,NYSE
tx_0006758,2025-06-18 09:41:11,ADBE,607.19,762.0,buy,NASDAQ
tx_0007792,2025-06-18 09:41:15,WMT,139.67,945.0,sell,NYSE
tx_0001820,2025-06-18 09:41:16,KO,54.56,158.0,buy,NYSE
tx_0002402,2025-06-18 09:41:27,FB,330.94,926.0,buy,NASDAQ
tx_0006209,2025-06-18 09:41:32,MA,351.12,193.0,sell,NYSE
tx_0001054,2025-06-18 09:41:33,MCD,246.47,527.0,sell,NYSE
tx_0000926,2025-06-18 09:41:34,BRK.B,284.14,282.0,sell,NYSE
tx_0009772,2025-06-18 09:41:37,PYPL,249.0,692.0,buy,NASDAQ
tx_0009039,2025-06-18 09:41:42,AAPL,151.77,957.0,sell,NASDAQ
tx_0008615,2025-06-18 09:41:42,GOOGL,2810.2,637.0,sell,NASDAQ
tx_0004061,2025-06-18 09:41:47,MCD,248.32,103.0,sell,NYSE
tx_0007261,2025-06-18 09:41:47,MSFT,298.76,547.0,sell,NASDAQ
tx_0000290,2025-06-18 09:41:48,TSLA,688.85,203.0,sell,NASDAQ
tx_0002925,2025-06-18 09:41:48,NFLX,494.06,367.0,buy,NASDAQ
tx_0000202,2025-06-18 09:41:51,ADBE,613.11,801.0,buy,NASDAQ
tx_0008158,2025-06-18 09:41:59,BRK.B,285.02,463.0,buy,NYSE
tx_0003296,2025-06-18 09:41:59,MSFT,298.12,354.0,sell,NASDAQ
tx_0002669,2025-06-18 09:42:00,NFLX,492.45,634.0,buy,NASDAQ
tx_0000288,2025-06-18 09:42:02,MSFT,301.24,26.0,buy,NASDAQ
tx_0001115,2025-06-18 09:42:05,FB,329.0,416.0,sell,NASDAQ
tx_0007388,2025-06-18 09:42:07,WMT,137.8,770.0,sell,NYSE
tx_0002413,2025-06-18 09:42:07,MA,347.25,545.0,sell,NYSE
tx_0003895,2025-06-18 09:42:08,PG,137.8,251.0,sell,NYSE
tx_0005357,2025-06-18 09:42:11,BRK.B,286.26,837.0,buy,NYSE
tx_0001005,2025-06-18 09:42:13,JNJ,171.69,939.0,buy,NYSE
tx_0000548,2025-06-18 09:42:18,MSFT,296.42,468.0,buy,NASDAQ
tx_0003215,2025-06-18 09:42:21,PEP,151.3,496.0,buy,NYSE
tx_0006985,2025-06-18 09:42:22,NFLX,497.9,94.0,sell,NASDAQ
tx_0009653,2025-06-18 09:42:23,MSFT,301.43,506.0,sell,NASDAQ
tx_0005394,2025-06-18 09:42:25,PG,,35.0,sell,NYSE
tx_0000229,2025-06-18 09:42:29,PYPL,253.44,428.0,sell,NASDAQ
tx_0000547,2025-06-18 09:42:31,ADBE,605.04,202.0,buy,NASDAQ
tx_0005659,2025-06-18 09:42:32,JNJ,172.49,996.0,sell,NYSE
tx_0000492,2025-06-18 09:42:34,FB,329.13,491.0,buy,NASDAQ
tx_0000801,2025-06-18 09:42:35,BRK.B,286.02,458.0,sell,NYSE
tx_0006064,2025-06-18 09:42:37,PG,139.94,189.0,buy,NYSE
tx_0001623,2025-06-18 09:42:41,MA,350.84,985.0,sell,NYSE
tx_0002676,2025-06-18 09:42:42,DIS,181.25,333.0,sell,NYSE
tx_0002022,2025-06-18 09:42:43,NVDA,199.06,596.0,sell,NASDAQ
tx_0007861,2025-06-18 09:42:43,NVDA,201.97,913.0,buy,NASDAQ
tx_0002283,2025-06-18 09:42:44,JNJ,172.73,275.0,sell,NYSE
tx_0001339,2025-06-18 09:42:47,FB,331.42,657.0,sell,NASDAQ
tx_0006649,2025-06-18 09:42:49,AAPL,148.7,35.0,sell,NASDAQ
tx_0001138,2025-06-18 09:42:56,V,220.21,797.0,sell,NYSE
tx_0007289,2025-06-18 09:42:56,AMZN,3470.03,,buy,NASDAQ
tx_0003932,2025-06-18 09:42:57,MA,350.43,339.0,sell,NYSE
tx_0000100,2025-06-18 09:43:01,FB,328.66,552.0,buy,NASDAQ
tx_0004734,2025-06-18 09:43:10,MA,349.69,174.0,buy,NYSE
tx_0009042,2025-06-18 09:43:11,GOOGL,2830.34,535.0,sell,NASDAQ
tx_0002909,2025-06-18 09:43:12,PG,139.58,668.0,buy,NYSE
tx_0000714,2025-06-18 09:43:13,MA,348.93,38.0,buy,NYSE
tx_0001893,2025-06-18 09:43:14,PYPL,252.31,699.0,buy,NASDAQ
tx_0005378,2025-06-18 09:43:17,JNJ,173.33,586.0,sell,NYSE
tx_0003562,2025-06-18 09:43:17,WMT,139.53,230.0,sell,NYSE
tx_0001065,2025-06-18 09:43:17,ADBE,605.69,275.0,buy,NASDAQ
tx_0008569,2025-06-18 09:43:19,PG,139.01,474.0,buy,NYSE
tx_0006347,2025-06-18 09:43:20,MSFT,301.44,153.0,buy,NASDAQ
tx_0003788,2025-06-18 09:43:21,V,219.77,36.0,buy,NYSE
tx_0001979,2025-06-18 09:43:22,TSLA,690.88,555.0,buy,NASDAQ
tx_0001251,2025-06-18 09:43:22,AMZN,3476.34,479.0,buy,NASDAQ
tx_0005832,2025-06-18 09:43:26,PEP,148.68,691.0,buy,NYSE
tx_0001252,2025-06-18 09:43:27,MA,355.25,915.0,sell,NYSE
tx_0000715,2025-06-18 09:43:28,V,220.64,214.0,sell,NYSE
tx_0008715,2025-06-18 09:43:28,NFLX,490.52,744.0,buy,NASDAQ
tx_0004353,2025-06-18 09:43:28,ADBE,609.64,320.0,sell,NASDAQ
tx_0001143,2025-06-18 09:43:32,PEP,149.51,489.0,sell,NYSE
tx_0002734,2025-06-18 09:43:33,AMZN,3481.22,409.0,sell,NASDAQ
tx_0004626,2025-06-18 09:43:36,KO,55.16,119.0,sell,NYSE
tx_0004548,2025-06-18 09:43:37,AMZN,3531.64,886.0,buy,NASDAQ
tx_0008563,2025-06-18 09:43:38,BRK.B,283.77,340.0,sell,NYSE
tx_0009186,2025-06-18 09:43:49,GOOGL,2810.69,183.0,buy,NASDAQ
tx_0003997,2025-06-18 09:43:50,DIS,178.32,431.0,sell,NYSE
tx_0004324,2025-06-18 09:43:52,NFLX,495.36,402.0,buy,NASDAQ
tx_0006739,2025-06-18 09:43:54,PEP,150.48,979.0,buy,NYSE
tx_0002683,2025-06-18 09:43:55,DIS,179.82,920.0,buy,NYSE
tx_0005201,2025-06-18 09:43:56,FB,326.96,220.0,sell,NASDAQ
tx_0006854,2025-06-18 09:44:00,DIS,,934.0,buy,NYSE
tx_0005780,2025-06-18 09:44:00,NFLX,490.7,506.0,sell,NASDAQ
tx_0003638,2025-06-18 09:44:00,DIS,179.32,291.0,sell,NYSE
tx_0007921,2025-06-18 09:44:01,WMT,139.76,810.0,buy,NYSE
tx_0000329,2025-06-18 09:44:03,MSFT,303.09,158.0,sell,NASDAQ
tx_0005359,2025-06-18 09:44:04,ADBE,610.31,360.0,sell,NASDAQ
tx_0004889,2025-06-18 09:44:07,BRK.B,284.88,351.0,buy,NYSE
tx_0002893,2025-06-18 09:44:07,TSLA,691.26,574.0,sell,NASDAQ
tx_0009586,2025-06-18 09:44:12,JNJ,171.35,402.0,buy,NYSE
tx_0001367,2025-06-18 09:44:18,NFLX,489.91,867.0,sell,NASDAQ
tx_0002634,2025-06-18 09:44:21,AAPL,149.09,243.0,sell,NASDAQ
tx_0000841,2025-06-18 09:44:22,GOOGL,2794.8,932.0,sell,NASDAQ
tx_0004254,2025-06-18 09:44:24,JNJ,172.35,68.0,buy,NYSE
tx_0009753,2025-06-18 09:44:25,JNJ,171.9,43.0,buy,NYSE
tx_0003294,2025-06-18 09:44:29,WMT,139.2,195.0,sell,
tx_0009073,2025-06-18 09:44:31,KO,54.51,,sell,NYSE
tx_0002443,2025-06-18 09:44:34,KO,54.51,278.0,buy,NYSE
tx_0001282,2025-06-18 09:44:36,AMZN,3478.4,850.0,sell,NASDAQ
tx_0004706,2025-06-18 09:44:37,GOOGL,2796.49,476.0,buy,NASDAQ
tx_0004990,2025-06-18 09:44:38,FB,326.67,844.0,sell,NASDAQ
tx_0007159,2025-06-18 09:44:40,TSLA,684.9,962.0,buy,NASDAQ
tx_0008001,2025-06-18 09:44:41,WMT,139.87,303.0,buy,NYSE
tx_0007653,2025-06-18 09:44:42,NVDA,201.57,607.0,sell,NASDAQ
tx_0009076,2025-06-18 09:44:45,GOOGL,2839.37,519.0,buy,NASDAQ
tx_0006809,2025-06-18 09:44:47,AMZN,3491.66,813.0,buy,NASDAQ
tx_0005865,2025-06-18 09:44:47,DIS,179.5,393.0,buy,NYSE
tx_0004816,2025-06-18 09:44:49,MA,351.57,112.0,sell,NYSE
tx_0002709,2025-06-18 09:44:49,BRK.B,280.95,,sell,NYSE
tx_0008588,2025-06-18 09:44:53,ADBE,603.12,812.0,buy,NASDAQ
tx_0007155,2025-06-18 09:44:56,FB,327.49,820.0,buy,NASDAQ
tx_0007210,2025-06-18 09:44:56,ADBE,605.71,392.0,buy,NASDAQ
tx_0001025,2025-06-18 09:44:58,V,223.78,398.0,buy,NYSE
tx_0005863,2025-06-18 09:44:58,MA,354.13,482.0,buy,NYSE
tx_0000498,2025-06-18 09:45:02,DIS,178.53,527.0,sell,NYSE
tx_0006725,2025-06-18 09:45:09,ADBE,605.44,686.0,buy,NASDAQ
tx_0007908,2025-06-18 09:45:12,V,221.46,,sell,NYSE
tx_0006425,2025-06-18 09:45:16,NVDA,199.01,218.0,buy,NASDAQ
tx_0009997,2025-06-18 09:45:17,MCD,246.23,380.0,sell,NYSE
tx_0000591,2025-06-18 09:45:20,ADBE,602.65,122.0,buy,NASDAQ
tx_0002424,2025-06-18 09:45:25,KO,54.65,130.0,buy,NYSE
tx_0002198,2025-06-18 09:45:29,MCD,248.26,562.0,buy,NYSE
tx_0006214,2025-06-18 09:45:29,KO,54.3,812.0,buy,NYSE
tx_0006088,2025-06-18 09:45:31,WMT,137.52,440.0,buy,NYSE
tx_0008667,2025-06-18 09:45:31,BRK.B,283.83,520.0,sell,NYSE
tx_0004699,2025-06-18 09:45:33,AAPL,147.43,510.0,sell,NASDAQ
tx_0009598,2025-06-18 09:45:36,PEP,148.82,394.0,buy,NYSE
tx_0008092,2025-06-18 09:45:37,WMT,137.45,947.0,buy,NYSE
tx_0002269,2025-06-18 09:45:41,NFLX,497.25,647.0,buy,NASDAQ
tx_0009795,2025-06-18 09:45:44,AAPL,149.1,125.0,buy,NASDAQ
tx_0001319,2025-06-18 09:45:45,BRK.B,283.4,680.0,sell,NYSE
tx_0004162,2025-06-18 09:45:46,DIS,178.24,71.0,sell,NYSE
tx_0007911,2025-06-18 09:45:49,JNJ,171.07,179.0,buy,NYSE
tx_0005489,2025-06-18 09:45:50,TSLA,686.23,877.0,sell,NASDAQ
tx_0001470,2025-06-18 09:45:51,BRK.B,284.45,887.0,sell,NYSE
tx_0008703,2025-06-18 09:45:53,KO,54.37,780.0,buy,NYSE
tx_0007594,2025-06-18 09:45:53,BRK.B,283.01,800.0,buy,NYSE
tx_0001671,2025-06-18 09:45:53,MA,355.04,771.0,sell,NYSE
tx_0003308,2025-06-18 09:45:56,MSFT,297.51,794.0,sell,NASDAQ
tx_0001691,2025-06-18 09:45:58,TSLA,697.44,225.0,buy,NASDAQ
tx_0009887,2025-06-18 09:46:03,PEP,149.25,92.0,buy,NYSE
tx_0008043,2025-06-18 09:46:06,BRK.B,282.35,423.0,sell,NYSE
tx_0003243,2025-06-18 09:46:07,PYPL,251.77,504.0,sell,NASDAQ
tx_0006111,2025-06-18 09:46:07,AMZN,3530.59,933.0,sell,NASDAQ
tx_0001322,2025-06-18 09:46:08,ADBE,602.4,531.0,sell,NASDAQ
tx_0000048,2025-06-18 09:46:08,PYPL,250.22,379.0,buy,NASDAQ
tx_0007063,2025-06-18 09:46:11,PEP,150.79,38.0,sell,NYSE
tx_0001726,2025-06-18 09:46:11,ADBE,610.22,528.0,sell,NASDAQ
tx_0005123,2025-06-18 09:46:14,WMT,137.87,285.0,buy,NYSE
tx_0003929,2025-06-18 09:46:18,DIS,178.19,752.0,sell,NYSE
tx_0006030,2025-06-18 09:46:19,V,222.91,614.0,sell,NYSE
tx_0003355,2025-06-18 09:46:21,TSLA,693.34,320.0,buy,NASDAQ
tx_0003820,2025-06-18 09:46:21,TSLA,700.02,490.0,sell,NASDAQ
tx_0006133,2025-06-18 09:46:22,NFLX,500.2,263.0,sell,NASDAQ
tx_0008330,2025-06-18 09:46:27,NFLX,492.51,56.0,sell,NASDAQ
tx_0009265,2025-06-18 09:46:27,ADBE,602.4,426.0,sell,NASDAQ
tx_0004912,2025-06-18 09:46:33,FB,327.57,179.0,buy,NASDAQ
tx_0006880,2025-06-18 09:46:36,DIS,178.09,785.0,sell,NYSE
tx_0005265,2025-06-18 09:46:40,KO,54.89,645.0,buy,NYSE
tx_0006187,2025-06-18 09:46:44,PG,137.77,985.0,buy,NYSE
tx_0004503,2025-06-18 09:46:46,GOOGL,2801.3,484.0,buy,NASDAQ
tx_0000690,2025-06-18 09:46:48,NFLX,,148.0,sell,NASDAQ
tx_0006565,2025-06-18 09:46:51,ADBE,609.21,519.0,buy,NASDAQ
tx_0006768,2025-06-18 09:46:52,AMZN,3497.73,218.0,sell,NASDAQ
tx_0003710,2025-06-18 09:46:55,BRK.B,281.62,689.0,buy,NYSE
tx_0004347,2025-06-18 09:46:55,PEP,150.45,50.0,buy,NYSE
tx_0005228,2025-06-18 09:46:57,ADBE,603.16,573.0,buy,NASDAQ
tx_0001713,2025-06-18 09:46:59,AMZN,3493.15,6.0,sell,NASDAQ
tx_0005024,2025-06-18 09:46:59,MSFT,300.51,109.0,buy,NASDAQ
tx_0005700,2025-06-18 09:47:00,AMZN,3492.86,812.0,buy,NASDAQ
tx_0000475,2025-06-18 09:47:05,PYPL,,11.0,buy,NASDAQ
tx_0002889,2025-06-18 09:47:05,NVDA,202.16,137.0,buy,NASDAQ
tx_0005309,2025-06-18 09:47:11,TSLA,685.84,135.0,buy,NASDAQ
tx_0004183,2025-06-18 09:47:12,GOOGL,2826.31,902.0,sell,NASDAQ
tx_0006576,2025-06-18 09:47:12,MSFT,297.87,295.0,buy,NASDAQ
tx_0000255,2025-06-18 09:47:14,JNJ,173.66,136.0,sell,NYSE
tx_0000268,2025-06-18 09:47:17,TSLA,689.8,395.0,buy,NASDAQ
tx_0004441,2025-06-18 09:47:21,ADBE,608.6,529.0,sell,NASDAQ
tx_0006814,2025-06-18 09:47:21,MCD,247.93,953.0,buy,NYSE
tx_0003504,2025-06-18 09:47:22,AMZN,3531.11,300.0,sell,NASDAQ
tx_0000805,2025-06-18 09:47:26,AAPL,148.11,497.0,sell,NASDAQ
tx_0008906,2025-06-18 09:47:27,PYPL,248.71,589.0,buy,NASDAQ
tx_0009252,2025-06-18 09:47:31,KO,55.14,568.0,sell,NYSE
tx_0009074,2025-06-18 09:47:35,DIS,177.97,661.0,buy,NYSE
tx_0001164,2025-06-18 09:47:42,TSLA,686.01,36.0,sell,NASDAQ
tx_0001389,2025-06-18 09:47:42,TSLA,685.04,703.0,sell,NASDAQ
tx_0007493,2025-06-18 09:47:43,AMZN,3532.99,344.0,sell,NASDAQ
tx_0007990,2025-06-18 09:47:48,AAPL,148.96,826.0,sell,NASDAQ
tx_0008527,2025-06-18 09:47:50,AAPL,148.83,43.0,buy,NASDAQ
tx_0009086,2025-06-18 09:47:50,AAPL,148.75,167.0,buy,NASDAQ
tx_0009188,2025-06-18 09:47:51,MSFT,299.45,193.0,buy,NASDAQ
tx_0002524,2025-06-18 09:47:52,V,219.93,437.0,sell,NYSE
tx_0006044,2025-06-18 09:47:53,MSFT,297.89,906.0,sell,NASDAQ
tx_0000693,2025-06-18 09:47:56,V,220.97,744.0,sell,NYSE
tx_0007459,2025-06-18 09:47:57,ADBE,600.64,276.0,buy,NASDAQ
tx_0000563,2025-06-18 09:48:01,JNJ,173.69,623.0,sell,NYSE
tx_0004403,2025-06-18 09:48:08,PG,139.86,957.0,sell,NYSE
tx_0008815,2025-06-18 09:48:09,DIS,175.15,111.0,buy,NYSE
tx_0008866,2025-06-18 09:48:11,MSFT,297.76,853.0,buy,NASDAQ
tx_0004999,2025-06-18 09:48:11,MCD,251.62,91.0,sell,NYSE
tx_0003154,2025-06-18 09:48:13,NFLX,492.47,289.0,buy,NASDAQ
tx_0003590,2025-06-18 09:48:15,JNJ,171.39,328.0,sell,NYSE
tx_0006726,2025-06-18 09:48:17,DIS,175.06,994.0,sell,NYSE
tx_0000103,2025-06-18 09:48:18,FB,328.48,834.0,buy,NASDAQ
tx_0005647,2025-06-18 09:48:18,JNJ,172.97,685.0,,NYSE
tx_0007011,2025-06-18 09:48:18,JNJ,170.66,24.0,sell,NYSE
tx_0002472,2025-06-18 09:48:22,ADBE,606.05,455.0,sell,NASDAQ
tx_0000592,2025-06-18 09:48:23,DIS,176.25,553.0,buy,NYSE
tx_0007836,2025-06-18 09:48:23,MCD,248.16,995.0,buy,NYSE
tx_0009953,2025-06-18 09:48:24,WMT,137.44,338.0,sell,NYSE
tx_0005218,2025-06-18 09:48:25,FB,332.23,11.0,sell,NASDAQ
tx_0007684,2025-06-18 09:48:27,DIS,178.22,90.0,buy,NYSE
tx_0005911,2025-06-18 09:48:31,MSFT,300.1,885.0,sell,NASDAQ
tx_0001857,2025-06-18 09:48:31,KO,55.28,465.0,sell,NYSE
tx_0001112,2025-06-18 09:48:32,PYPL,248.16,637.0,buy,NASDAQ
tx_0002381,2025-06-18 09:48:34,PYPL,252.76,360.0,sell,NASDAQ
tx_0002061,2025-06-18 09:48:35,TSLA,690.53,419.0,,NASDAQ
tx_0000231,2025-06-18 09:48:36,FB,326.95,132.0,sell,NASDAQ
tx_0005090,2025-06-18 09:48:36,NFLX,,173.0,sell,NASDAQ
tx_0008606,2025-06-18 09:48:37,MA,351.81,222.0,buy,NYSE
tx_0006964,2025-06-18 09:48:42,MA,352.67,139.0,sell,NYSE
tx_0008679,2025-06-18 09:48:44,GOOGL,2829.88,353.0,buy,NASDAQ
tx_0001698,2025-06-18 09:48:45,ADBE,604.15,127.0,sell,NASDAQ
tx_0004890,2025-06-18 09:48:48,MSFT,299.38,99.0,buy,NASDAQ
tx_0007256,2025-06-18 09:48:53,FB,329.47,512.0,sell,NASDAQ
tx_0008058,2025-06-18 09:49:00,V,221.33,295.0,sell,NYSE
tx_0004048,2025-06-18 09:49:04,NVDA,200.05,951.0,sell,NASDAQ
tx_0006515,2025-06-18 09:49:04,FB,329.19,53.0,buy,NASDAQ
tx_0008267,2025-06-18 09:49:17,WMT,137.44,57.0,buy,NYSE
tx_0005344,2025-06-18 09:49:25,WMT,139.19,934.0,sell,NYSE
tx_0002757,2025-06-18 09:49:28,WMT,137.55,605.0,buy,NYSE
tx_0002820,2025-06-18 09:49:31,GOOGL,2826.32,214.0,sell,NASDAQ
tx_0000099,2025-06-18 09:49:32,AAPL,148.87,663.0,buy,NASDAQ
tx_0003606,2025-06-18 09:49:35,DIS,176.58,460.0,sell,NYSE
tx_0002643,2025-06-18 09:49:38,KO,54.39,743.0,sell,NYSE
tx_0002337,2025-06-18 09:49:40,WMT,139.07,397.0,buy,NYSE
tx_0008805,2025-06-18 09:49:41,PG,139.91,691.0,buy,NYSE
tx_0008184,2025-06-18 09:49:44,JNJ,173.37,950.0,sell,NYSE
tx_0007864,2025-06-18 09:49:47,BRK.B,282.98,547.0,sell,NYSE
tx_0005321,2025-06-18 09:49:52,DIS,177.27,213.0,sell,NYSE
tx_0001105,2025-06-18 09:49:53,MSFT,297.58,744.0,sell,NASDAQ
tx_0001118,2025-06-18 09:49:58,AAPL,147.73,623.0,buy,NASDAQ
tx_0009097,2025-06-18 09:50:07,NFLX,493.87,19.0,sell,NASDAQ
tx_0000331,2025-06-18 09:50:07,NFLX,493.19,27.0,buy,NASDAQ
tx_0003727,2025-06-18 09:50:09,MSFT,301.03,754.0,sell,NASDAQ
tx_0002897,2025-06-18 09:50:11,PG,138.03,555.0,sell,NYSE
tx_0006778,2025-06-18 09:50:16,AMZN,,276.0,buy,NASDAQ
tx_0006151,2025-06-18 09:50:17,PEP,147.47,639.0,sell,NYSE
tx_0002788,2025-06-18 09:50:19,TSLA,692.18,403.0,sell,NASDAQ
tx_0005596,2025-06-18 09:50:19,JNJ,173.49,595.0,buy,NYSE
tx_0000068,2025-06-18 09:50:22,MCD,248.74,827.0,buy,NYSE
tx_0009273,2025-06-18 09:50:23,NFLX,500.8,,buy,NASDAQ
tx_0009838,2025-06-18 09:50:28,WMT,137.77,441.0,sell,NYSE
tx_0005071,2025-06-18 09:50:30,V,220.02,234.0,buy,NYSE
tx_0002527,2025-06-18 09:50:34,NVDA,202.01,742.0,buy,NASDAQ
tx_0001423,2025-06-18 09:50:34,TSLA,684.41,517.0,buy,NASDAQ
tx_0007320,2025-06-18 09:50:37,NVDA,203.19,524.0,sell,NASDAQ
tx_0008583,2025-06-18 09:50:37,KO,55.46,726.0,buy,NYSE
tx_0005676,2025-06-18 09:50:40,DIS,176.65,572.0,sell,NYSE
tx_0005094,2025-06-18 09:50:45,PEP,148.25,215.0,sell,NYSE
tx_0009641,2025-06-18 09:50:46,TSLA,693.84,840.0,sell,NASDAQ
tx_0001214,2025-06-18 09:50:48,MA,351.65,409.0,buy,NYSE
tx_0003676,2025-06-18 09:51:02,AAPL,148.06,219.0,buy,NASDAQ
tx_0001745,2025-06-18 09:51:06,JNJ,173.52,955.0,buy,NYSE
tx_0009346,2025-06-18 09:51:09,NVDA,203.5,211.0,buy,NASDAQ
tx_0005303,2025-06-18 09:51:12,MCD,248.04,765.0,buy,NYSE
tx_0000432,2025-06-18 09:51:13,PG,138.26,395.0,buy,NYSE
tx_0005501,2025-06-18 09:51:13,GOOGL,2860.47,532.0,buy,NASDAQ
tx_0008287,2025-06-18 09:51:15,JNJ,171.29,234.0,buy,NYSE
tx_0007354,2025-06-18 09:51:20,JNJ,172.83,415.0,buy,NYSE
tx_0007406,2025-06-18 09:51:23,MCD,245.94,285.0,buy,NYSE
tx_0009949,2025-06-18 09:51:24,GOOGL,2863.48,226.0,sell,NASDAQ
tx_0004817,2025-06-18 09:51:25,MSFT,,987.0,buy,NASDAQ
tx_0001731,2025-06-18 09:51:32,MCD,250.04,958.0,buy,NYSE
tx_0007591,2025-06-18 09:51:35,FB,328.02,445.0,buy,NASDAQ
tx_0001711,2025-06-18 09:51:43,WMT,138.09,892.0,buy,NYSE
tx_0007601,2025-06-18 09:51:44,FB,326.03,653.0,buy,NASDAQ
tx_0001166,2025-06-18 09:51:45,PYPL,251.44,536.0,sell,NASDAQ
tx_0003558,2025-06-18 09:51:47,AAPL,149.5,513.0,buy,NASDAQ
tx_0002255,2025-06-18 09:51:49,ADBE,602.66,849.0,buy,NASDAQ
tx_0007070,2025-06-18 09:51:49,NFLX,496.64,663.0,sell,NASDAQ
tx_0007441,2025-06-18 09:51:50,NFLX,500.58,409.0,sell,NASDAQ
tx_0006503,2025-06-18 09:51:53,ADBE,610.16,616.0,sell,NASDAQ
tx_0003333,2025-06-18 09:51:54,MSFT,296.88,341.0,buy,NASDAQ
tx_0002040,2025-06-18 09:51:59,GOOGL,2853.14,492.0,buy,NASDAQ
tx_0003986,2025-06-18 09:52:00,GOOGL,2859.43,327.0,buy,NASDAQ
tx_0006837,2025-06-18 09:52:01,PG,138.93,152.0,sell,NYSE
tx_0001351,2025-06-18 09:52:04,NVDA,201.59,798.0,sell,NASDAQ
tx_0008143,2025-06-18 09:52:07,KO,54.66,145.0,buy,NYSE
tx_0008138,2025-06-18 09:52:13,NFLX,495.82,625.0,buy,NASDAQ
tx_0008009,2025-06-18 09:52:13,GOOGL,2874.86,866.0,sell,NASDAQ
tx_0003837,2025-06-18 09:52:15,PEP,151.05,882.0,buy,NYSE
tx_0001852,2025-06-18 09:52:16,PYPL,251.69,438.0,sell,NASDAQ
tx_0005856,2025-06-18 09:52:17,KO,55.2,528.0,buy,NYSE
tx_0007799,2025-06-18 09:52:18,ADBE,599.5,52.0,buy,NASDAQ
tx_0003395,2025-06-18 09:52:18,AMZN,3550.13,553.0,buy,NASDAQ
tx_0006858,2025-06-18 09:52:22,DIS,176.88,595.0,sell,NYSE
tx_0005899,2025-06-18 09:52:24,TSLA,689.31,123.0,sell,NASDAQ
tx_0003681,2025-06-18 09:52:25,V,221.29,543.0,sell,NYSE
tx_0003890,2025-06-18 09:52:31,AMZN,3551.65,88.0,sell,NASDAQ
tx_0004498,2025-06-18 09:52:32,PEP,148.76,746.0,sell,NYSE
tx_0007214,2025-06-18 09:52:37,PG,140.36,585.0,buy,NYSE
tx_0007515,2025-06-18 09:52:41,BRK.B,283.57,671.0,sell,NYSE
tx_0003518,2025-06-18 09:52:46,TSLA,694.59,111.0,sell,NASDAQ
tx_0006188,2025-06-18 09:52:50,KO,54.96,275.0,buy,NYSE
tx_0001496,2025-06-18 09:52:51,NVDA,202.32,330.0,sell,NASDAQ
tx_0008081,2025-06-18 09:52:53,DIS,176.09,867.0,buy,NYSE
tx_0008299,2025-06-18 09:52:59,FB,328.89,191.0,buy,NASDAQ
tx_0000041,2025-06-18 09:52:59,JNJ,175.38,514.0,sell,NYSE
tx_0004445,2025-06-18 09:53:00,PEP,149.25,283.0,buy,NYSE
tx_0000228,2025-06-18 09:53:00,PEP,150.98,913.0,sell,NYSE
tx_0006100,2025-06-18 09:53:00,DIS,177.24,890.0,buy,NYSE
tx_0001441,2025-06-18 09:53:01,PEP,149.31,155.0,buy,NYSE
tx_0000325,2025-06-18 09:53:04,MA,347.47,155.0,buy,NYSE
tx_0001720,2025-06-18 09:53:08,DIS,177.53,117.0,sell,NYSE
tx_0004731,2025-06-18 09:53:08,FB,325.4,707.0,buy,NASDAQ
tx_0000417,2025-06-18 09:53:11,FB,330.47,302.0,buy,NASDAQ
tx_0002210,2025-06-18 09:53:13,NVDA,203.18,843.0,sell,NASDAQ
tx_0006873,2025-06-18 09:53:16,GOOGL,2872.6,459.0,sell,NASDAQ
tx_0005124,2025-06-18 09:53:22,MSFT,299.83,123.0,buy,NASDAQ
tx_0009847,2025-06-18 09:53:22,MSFT,299.91,186.0,sell,NASDAQ
tx_0007272,2025-06-18 09:53:23,NFLX,,42.0,buy,NASDAQ
tx_0000696,2025-06-18 09:53:24,PEP,148.83,554.0,sell,NYSE
tx_0000116,2025-06-18 09:53:25,ADBE,602.86,777.0,sell,NASDAQ
tx_0008441,2025-06-18 09:53:32,JNJ,175.4,228.0,sell,NYSE
tx_0009517,2025-06-18 09:53:33,MSFT,297.49,563.0,buy,NASDAQ
tx_0005475,2025-06-18 09:53:38,ADBE,610.92,494.0,buy,NASDAQ
tx_0001488,2025-06-18 09:53:38,NFLX,501.81,413.0,buy,NASDAQ
tx_0004035,2025-06-18 09:53:41,BRK.B,283.07,913.0,buy,NYSE
tx_0005795,2025-06-18 09:53:45,DIS,177.67,304.0,sell,NYSE
tx_0006524,2025-06-18 09:53:48,ADBE,603.7,28.0,buy,NASDAQ
tx_0005742,2025-06-18 09:53:51,TSLA,683.02,98.0,buy,NASDAQ
tx_0008421,2025-06-18 09:53:52,MSFT,297.72,369.0,buy,NASDAQ
tx_0002959,2025-06-18 09:53:52,GOOGL,2857.95,125.0,sell,NASDAQ
tx_0007956,2025-06-18 09:53:58,TSLA,694.08,850.0,sell,NASDAQ
tx_0007474,2025-06-18 09:54:03,TSLA,688.8,145.0,buy,NASDAQ
tx_0000027,2025-06-18 09:54:06,MCD,247.78,970.0,sell,NYSE
tx_0007358,2025-06-18 09:54:07,GOOGL,2857.35,756.0,buy,NASDAQ
tx_0000386,2025-06-18 09:54:08,FB,332.86,477.0,buy,NASDAQ
tx_0008290,2025-06-18 09:54:10,TSLA,695.72,502.0,sell,NASDAQ
tx_0000972,2025-06-18 09:54:12,AMZN,3493.29,981.0,buy,NASDAQ
tx_0009182,2025-06-18 09:54:15,TSLA,682.67,864.0,sell,NASDAQ
tx_0007347,2025-06-18 09:54:17,NVDA,202.16,593.0,buy,NASDAQ
tx_0005240,2025-06-18 09:54:19,PG,139.3,629.0,buy,NYSE
tx_0004142,2025-06-18 09:54:23,NVDA,202.43,633.0,buy,NASDAQ
tx_0008500,2025-06-18 09:54:28,NFLX,493.24,638.0,sell,NASDAQ
tx_0009815,2025-06-18 09:54:29,PEP,150.82,985.0,sell,NYSE
tx_0005772,2025-06-18 09:54:30,PEP,150.61,960.0,sell,NYSE
tx_0001518,2025-06-18 09:54:30,PYPL,251.29,219.0,sell,NASDAQ
tx_0007749,2025-06-18 09:54:34,PYPL,252.83,588.0,buy,NASDAQ
tx_0003970,2025-06-18 09:54:35,KO,55.15,983.0,sell,NYSE
tx_0002978,2025-06-18 09:54:35,V,220.81,540.0,sell,NYSE
tx_0009530,2025-06-18 09:54:37,PYPL,248.45,410.0,buy,NASDAQ
tx_0000423,2025-06-18 09:54:38,JNJ,174.93,807.0,sell,NYSE
tx_0009927,2025-06-18 09:54:40,JNJ,175.65,638.0,sell,NYSE
tx_0007355,2025-06-18 09:54:41,NFLX,498.66,104.0,buy,NASDAQ
tx_0009849,2025-06-18 09:54:48,DIS,179.18,250.0,sell,NYSE
tx_0001790,2025-06-18 09:54:50,PG,139.96,814.0,sell,NYSE
tx_0008534,2025-06-18 09:54:50,NFLX,496.85,387.0,sell,NASDAQ
tx_0004677,2025-06-18 09:54:52,MA,349.03,294.0,sell,NYSE
tx_0000823,2025-06-18 09:54:59,JNJ,176.58,241.0,sell,NYSE
tx_0005188,2025-06-18 09:55:00,PEP,150.85,636.0,sell,NYSE
tx_0007871,2025-06-18 09:55:01,PEP,149.77,136.0,sell,NYSE
tx_0003285,2025-06-18 09:55:03,DIS,179.42,828.0,sell,NYSE
tx_0001245,2025-06-18 09:55:04,DIS,177.84,170.0,buy,NYSE
tx_0000649,2025-06-18 09:55:08,NFLX,501.67,175.0,buy,NASDAQ
tx_0006604,2025-06-18 09:55:10,TSLA,695.29,478.0,sell,NASDAQ
tx_0001943,2025-06-18 09:55:11,DIS,176.88,364.0,buy,NYSE
tx_0007053,2025-06-18 09:55:16,MA,351.74,227.0,buy,NYSE
tx_0001042,2025-06-18 09:55:18,PG,138.76,297.0,buy,NYSE
tx_0002655,2025-06-18 09:55:20,TSLA,689.5,856.0,buy,NASDAQ
tx_0001315,2025-06-18 09:55:20,GOOGL,2856.47,470.0,sell,NASDAQ
tx_0002874,2025-06-18 09:55:22,PG,139.68,628.0,buy,NYSE
tx_0006290,2025-06-18 09:55:24,MA,351.16,242.0,buy,NYSE
tx_0000332,2025-06-18 09:55:28,GOOGL,2814.47,140.0,buy,NASDAQ
tx_0003417,2025-06-18 09:55:30,BRK.B,282.96,750.0,buy,NYSE
tx_0008953,2025-06-18 09:55:31,MCD,247.12,578.0,sell,NYSE
tx_0004049,2025-06-18 09:55:31,DIS,179.67,662.0,buy,NYSE
tx_0008154,2025-06-18 09:55:38,PG,140.68,668.0,buy,NYSE
tx_0007976,2025-06-18 09:55:42,MA,349.22,867.0,sell,NYSE
tx_0004798,2025-06-18 09:55:43,WMT,136.83,429.0,buy,NYSE
tx_0009784,2025-06-18 09:55:45,GOOGL,2822.69,285.0,buy,NASDAQ
tx_0002866,2025-06-18 09:55:46,JNJ,176.87,670.0,sell,NYSE
tx_0002764,2025-06-18 09:55:50,AAPL,149.52,477.0,buy,NASDAQ
tx_0000069,2025-06-18 09:55:52,GOOGL,2822.13,809.0,buy,NASDAQ
tx_0003667,2025-06-18 09:55:57,KO,55.77,694.0,buy,NYSE
tx_0004106,2025-06-18 09:55:57,V,221.84,122.0,buy,NYSE
tx_0008347,2025-06-18 09:55:58,BRK.B,283.39,668.0,sell,NYSE
tx_0000156,2025-06-18 09:56:01,PEP,149.69,590.0,buy,NYSE
tx_0009657,2025-06-18 09:56:12,BRK.B,281.66,274.0,sell,NYSE
tx_0008233,2025-06-18 09:56:18,GOOGL,2860.5,400.0,sell,NASDAQ
tx_0006341,2025-06-18 09:56:20,MCD,247.51,554.0,buy,NYSE
tx_0003904,2025-06-18 09:56:23,FB,326.9,56.0,buy,NASDAQ
tx_0008049,2025-06-18 09:56:23,AAPL,149.49,108.0,buy,NASDAQ
tx_0000277,2025-06-18 09:56:25,MSFT,296.42,131.0,buy,NASDAQ
tx_0008095,2025-06-18 09:56:25,MCD,247.52,638.0,sell,NYSE
tx_0005545,2025-06-18 09:56:31,NFLX,499.11,198.0,buy,NASDAQ
tx_0006789,2025-06-18 09:56:32,MCD,248.93,609.0,sell,NYSE
tx_0007173,2025-06-18 09:56:35,ADBE,607.82,762.0,sell,NASDAQ
tx_0001970,2025-06-18 09:56:37,MA,346.04,477.0,sell,NYSE
tx_0009461,2025-06-18 09:56:42,KO,55.61,399.0,sell,NYSE
tx_0009216,2025-06-18 09:56:42,PYPL,253.95,510.0,sell,NASDAQ
tx_0002623,2025-06-18 09:56:50,TSLA,695.41,707.0,buy,NASDAQ
tx_0004521,2025-06-18 09:56:53,FB,331.85,87.0,buy,NASDAQ
tx_0005660,2025-06-18 09:56:53,BRK.B,281.5,173.0,sell,NYSE
tx_0005275,2025-06-18 09:56:57,MSFT,293.05,925.0,buy,NASDAQ
tx_0003981,2025-06-18 09:56:59,MCD,250.03,177.0,buy,NYSE
tx_0005621,2025-06-18 09:57:04,PYPL,254.37,423.0,buy,NASDAQ
tx_0007534,2025-06-18 09:57:04,MCD,248.2,160.0,buy,NYSE
tx_0000155,2025-06-18 09:57:12,FB,331.38,566.0,buy,NASDAQ
tx_0007895,2025-06-18 09:57:18,FB,333.02,514.0,sell,NASDAQ
tx_0006939,2025-06-18 09:57:19,JNJ,174.46,161.0,sell,NYSE
tx_0009130,2025-06-18 09:57:20,ADBE,606.85,703.0,buy,NASDAQ
tx_0005685,2025-06-18 09:57:20,GOOGL,2857.04,66.0,sell,NASDAQ
tx_0007795,2025-06-18 09:57:26,TSLA,695.51,285.0,buy,NASDAQ
tx_0007853,2025-06-18 09:57:28,MSFT,294.52,184.0,sell,NASDAQ
tx_0001639,2025-06-18 09:57:29,TSLA,689.87,934.0,sell,NASDAQ
tx_0002436,2025-06-18 09:57:29,PEP,151.3,174.0,sell,NYSE
tx_0009558,2025-06-18 09:57:30,MSFT,295.57,427.0,buy,NASDAQ
tx_0007835,2025-06-18 09:57:37,MCD,248.67,532.0,sell,NYSE
tx_0008916,2025-06-18 09:57:40,PEP,151.7,913.0,sell,NYSE
tx_0003250,2025-06-18 09:57:41,V,219.79,715.0,buy,NYSE
tx_0009475,2025-06-18 09:57:43,PEP,152.03,918.0,sell,NYSE
tx_0007401,2025-06-18 09:57:47,AMZN,3501.09,39.0,sell,NASDAQ
tx_0000626,2025-06-18 09:57:50,AMZN,3529.39,591.0,buy,NASDAQ
tx_0000382,2025-06-18 09:57:51,PYPL,251.47,881.0,buy,NASDAQ
tx_0007704,2025-06-18 09:57:52,MCD,248.26,797.0,buy,NYSE
tx_0002685,2025-06-18 09:57:54,BRK.B,285.58,636.0,buy,NYSE
tx_0005293,2025-06-18 09:57:54,JNJ,176.83,768.0,sell,NYSE
tx_0004332,2025-06-18 09:57:54,MCD,250.46,579.0,buy,NYSE
tx_0009055,2025-06-18 09:57:59,PEP,150.77,159.0,buy,NYSE
tx_0002412,2025-06-18 09:57:59,MCD,250.88,293.0,sell,NYSE
tx_0009417,2025-06-18 09:58:00,AAPL,148.86,279.0,buy,NASDAQ
tx_0004833,2025-06-18 09:58:00,NFLX,500.81,129.0,buy,NASDAQ
tx_0004942,2025-06-18 09:58:01,PG,139.29,957.0,buy,NYSE
tx_0008514,2025-06-18 09:58:02,WMT,135.99,282.0,buy,NYSE
tx_0008264,2025-06-18 09:58:02,TSLA,698.82,996.0,buy,NASDAQ
tx_0008720,2025-06-18 09:58:03,WMT,137.07,212.0,buy,NYSE
tx_0007732,2025-06-18 09:58:07,JNJ,176.56,701.0,buy,NYSE
tx_0002260,2025-06-18 09:58:09,AAPL,147.73,365.0,buy,NASDAQ
tx_0001418,2025-06-18 09:58:11,GOOGL,2843.26,138.0,buy,NASDAQ
tx_0006848,2025-06-18 09:58:14,BRK.B,283.36,234.0,sell,NYSE
tx_0006467,2025-06-18 09:58:17,JNJ,174.07,912.0,buy,NYSE
tx_0009655,2025-06-18 09:58:19,TSLA,696.27,441.0,sell,NASDAQ
tx_0003211,2025-06-18 09:58:19,MSFT,295.17,773.0,buy,NASDAQ
tx_0009080,2025-06-18 09:58:24,AMZN,3529.79,255.0,buy,NASDAQ
tx_0004466,2025-06-18 09:58:28,AMZN,3526.61,851.0,buy,NASDAQ
tx_0005104,2025-06-18 09:58:29,KO,54.96,80.0,buy,NYSE
tx_0001414,2025-06-18 09:58:40,GOOGL,2839.47,445.0,sell,NASDAQ
tx_0007019,2025-06-18 09:58:41,NVDA,196.12,408.0,buy,NASDAQ
tx_0007646,2025-06-18 09:58:41,PYPL,249.38,690.0,buy,NASDAQ
tx_0007301,2025-06-18 09:58:43,MA,344.87,584.0,buy,NYSE
tx_0004004,2025-06-18 09:58:47,KO,54.98,788.0,sell,NYSE
tx_0009867,2025-06-18 09:58:47,MA,346.79,865.0,sell,NYSE
tx_0006613,2025-06-18 09:58:51,AAPL,147.88,866.0,buy,NASDAQ
tx_0007940,2025-06-18 09:58:51,DIS,177.93,748.0,sell,NYSE
tx_0009245,2025-06-18 09:58:52,PYPL,251.41,511.0,buy,NASDAQ
tx_0005861,2025-06-18 09:58:56,JNJ,174.74,507.0,buy,NYSE
tx_0009830,2025-06-18 09:58:56,MCD,252.97,63.0,buy,NYSE
tx_0000214,2025-06-18 09:58:56,KO,54.95,450.0,buy,NYSE
tx_0005575,2025-06-18 09:58:57,PYPL,253.1,167.0,buy,NASDAQ
tx_0000452,2025-06-18 09:58:57,PYPL,251.97,305.0,buy,NASDAQ
tx_0001831,2025-06-18 09:59:01,ADBE,609.21,877.0,buy,NASDAQ
tx_0004683,2025-06-18 09:59:02,NVDA,195.29,519.0,buy,NASDAQ
tx_0008125,2025-06-18 09:59:03,PG,139.27,652.0,buy,NYSE
tx_0002689,2025-06-18 09:59:03,GOOGL,2815.59,941.0,sell,NASDAQ
tx_0003408,2025-06-18 09:59:04,FB,326.7,857.0,buy,NASDAQ
tx_0006937,2025-06-18 09:59:06,NFLX,498.37,230.0,buy,NASDAQ
tx_0000088,2025-06-18 09:59:12,BRK.B,284.74,462.0,buy,NYSE
tx_0005385,2025-06-18 09:59:14,DIS,177.91,536.0,sell,NYSE
tx_0003874,2025-06-18 09:59:17,DIS,176.52,434.0,buy,NYSE
tx_0001850,2025-06-18 09:59:23,BRK.B,285.54,930.0,buy,NYSE
tx_0004112,2025-06-18 09:59:23,NVDA,198.08,975.0,sell,NASDAQ
tx_0002419,2025-06-18 09:59:27,ADBE,602.19,150.0,sell,NASDAQ
tx_0001353,2025-06-18 09:59:29,PYPL,249.75,616.0,buy,NASDAQ
tx_0005352,2025-06-18 09:59:33,MA,348.86,587.0,sell,NYSE
tx_0008415,2025-06-18 09:59:35,PG,139.43,829.0,buy,NYSE
tx_0004659,2025-06-18 09:59:35,AAPL,147.95,956.0,sell,NASDAQ
tx_0006438,2025-06-18 09:59:38,MCD,248.25,72.0,buy,NYSE
tx_0009942,2025-06-18 09:59:40,MA,344.67,162.0,buy,NYSE
tx_0006502,2025-06-18 09:59:41,ADBE,611.53,229.0,buy,NASDAQ
tx_0004238,2025-06-18 09:59:42,MSFT,293.47,484.0,buy,NASDAQ
tx_0009981,2025-06-18 09:59:45,MCD,247.56,798.0,buy,NYSE
tx_0005392,2025-06-18 09:59:45,KO,55.43,532.0,sell,NYSE
tx_0007997,2025-06-18 09:59:47,DIS,176.75,873.0,buy,NYSE
tx_0006431,2025-06-18 09:59:47,FB,329.93,364.0,sell,NASDAQ
tx_0005474,2025-06-18 09:59:48,KO,55.88,482.0,buy,NYSE
tx_0008999,2025-06-18 09:59:48,GOOGL,2811.64,147.0,sell,NASDAQ
tx_0008570,2025-06-18 09:59:48,FB,327.61,316.0,sell,NASDAQ
tx_0004709,2025-06-18 09:59:51,WMT,137.12,613.0,buy,NYSE
tx_0001337,2025-06-18 09:59:53,JNJ,174.75,206.0,sell,NYSE
tx_0003439,2025-06-18 09:59:53,MCD,247.21,136.0,sell,NYSE
tx_0004124,2025-06-18 09:59:56,V,220.34,859.0,sell,NYSE
tx_0003169,2025-06-18 09:59:58,BRK.B,286.81,890.0,sell,NYSE
tx_0004328,2025-06-18 09:59:59,JNJ,175.63,269.0,buy,NYSE
tx_0003080,2025-06-18 10:00:03,PG,138.97,281.0,buy,NYSE
tx_0004416,2025-06-18 10:00:06,WMT,136.1,133.0,sell,NYSE
tx_0009150,2025-06-18 10:00:09,PEP,152.18,765.0,buy,NYSE
tx_0004438,2025-06-18 10:00:10,PEP,152.61,991.0,sell,NYSE
tx_0000820,2025-06-18 10:00:11,PYPL,251.52,163.0,buy,NASDAQ
tx_0000663,2025-06-18 10:00:11,ADBE,609.14,297.0,buy,NASDAQ
tx_0002767,2025-06-18 10:00:13,JNJ,175.83,440.0,sell,NYSE
tx_0006505,2025-06-18 10:00:14,V,221.63,108.0,sell,NYSE
tx_0007334,2025-06-18 10:00:17,GOOGL,2820.48,644.0,buy,NASDAQ
tx_0000756,2025-06-18 10:00:17,PYPL,253.91,683.0,buy,NASDAQ
tx_0008063,2025-06-18 10:00:19,AAPL,150.38,840.0,sell,NASDAQ
tx_0001349,2025-06-18 10:00:19,MA,347.99,770.0,sell,NYSE
tx_0005933,2025-06-18 10:00:19,FB,330.11,646.0,sell,NASDAQ
tx_0001960,2025-06-18 10:00:22,AAPL,149.55,179.0,sell,NASDAQ
tx_0002189,2025-06-18 10:00:25,ADBE,611.89,490.0,buy,NASDAQ
tx_0007182,2025-06-18 10:00:26,PG,139.61,780.0,sell,NYSE
tx_0008928,2025-06-18 10:00:30,FB,327.78,445.0,buy,NASDAQ
tx_0006815,2025-06-18 10:00:31,ADBE,603.58,304.0,sell,NASDAQ
tx_0007783,2025-06-18 10:00:32,AMZN,,188.0,buy,NASDAQ
tx_0000157,2025-06-18 10:00:42,PEP,152.91,241.0,sell,NYSE
tx_0002833,2025-06-18 10:00:46,NFLX,503.57,759.0,buy,NASDAQ
tx_0005438,2025-06-18 10:00:47,PYPL,254.06,728.0,sell,NASDAQ
tx_0002250,2025-06-18 10:00:48,FB,329.06,745.0,sell,NASDAQ
tx_0009951,2025-06-18 10:00:48,AAPL,148.25,175.0,sell,NASDAQ
tx_0002698,2025-06-18 10:00:49,PEP,152.24,361.0,sell,NYSE
tx_0007071,2025-06-18 10:00:50,MA,344.06,624.0,sell,NYSE
tx_0006566,2025-06-18 10:00:50,TSLA,695.39,466.0,buy,NASDAQ
tx_0004810,2025-06-18 10:00:54,PG,138.35,44.0,sell,NYSE
tx_0006235,2025-06-18 10:00:54,AMZN,3538.87,5.0,buy,NASDAQ
tx_0005662,2025-06-18 10:00:56,MA,347.02,39.0,buy,NYSE
tx_0005825,2025-06-18 10:00:56,PYPL,251.36,348.0,sell,NASDAQ
tx_0004673,2025-06-18 10:00:59,JNJ,176.76,481.0,buy,NYSE
tx_0005717,2025-06-18 10:01:00,TSLA,699.9,93.0,buy,NASDAQ
tx_0002423,2025-06-18 10:01:01,AAPL,149.02,20.0,buy,NASDAQ
tx_0004790,2025-06-18 10:01:01,MSFT,298.71,18.0,sell,NASDAQ
tx_0003752,2025-06-18 10:01:04,ADBE,609.18,187.0,buy,NASDAQ
tx_0003109,2025-06-18 10:01:05,MSFT,299.34,546.0,buy,NASDAQ
tx_0003713,2025-06-18 10:01:11,AMZN,3488.07,873.0,sell,NASDAQ
tx_0002548,2025-06-18 10:01:11,PEP,152.95,66.0,buy,NYSE
tx_0008651,2025-06-18 10:01:12,BRK.B,284.88,267.0,buy,NYSE
tx_0006222,2025-06-18 10:01:17,FB,329.9,698.0,sell,NASDAQ
tx_0006821,2025-06-18 10:01:17,MCD,250.31,87.0,buy,NYSE
tx_0008182,2025-06-18 10:01:18,JNJ,174.12,543.0,buy,NYSE
tx_0001877,2025-06-18 10:01:18,PYPL,252.2,246.0,buy,NASDAQ
tx_0002294,2025-06-18 10:01:21,NVDA,197.16,30.0,buy,NASDAQ
tx_0003832,2025-06-18 10:01:25,PG,138.19,982.0,sell,NYSE
tx_0001646,2025-06-18 10:01:31,NFLX,503.86,987.0,buy,NASDAQ
tx_0004715,2025-06-18 10:01:32,PYPL,254.74,771.0,buy,NASDAQ
tx_0009760,2025-06-18 10:01:34,ADBE,608.25,616.0,sell,NASDAQ
tx_0000139,2025-06-18 10:01:35,NVDA,199.05,698.0,buy,NASDAQ
tx_0001459,2025-06-18 10:01:35,TSLA,696.98,858.0,sell,NASDAQ
tx_0002363,2025-06-18 10:01:36,WMT,136.73,963.0,buy,NYSE
tx_0007169,2025-06-18 10:01:39,MCD,249.94,956.0,sell,NYSE
tx_0009574,2025-06-18 10:01:40,PG,139.47,235.0,sell,NYSE
tx_0002129,2025-06-18 10:01:41,BRK.B,286.02,868.0,sell,NYSE
tx_0008196,2025-06-18 10:01:46,PEP,151.35,147.0,,NYSE
tx_0006535,2025-06-18 10:01:49,MA,342.75,798.0,buy,NYSE
tx_0007423,2025-06-18 10:01:53,MSFT,294.87,372.0,buy,NASDAQ
tx_0005530,2025-06-18 10:01:55,DIS,177.74,235.0,buy,NYSE
tx_0007098,2025-06-18 10:01:57,DIS,178.73,952.0,sell,NYSE
tx_0001669,2025-06-18 10:01:59,PG,138.62,818.0,sell,NYSE
tx_0005376,2025-06-18 10:02:04,MCD,248.4,808.0,sell,NYSE
tx_0005153,2025-06-18 10:02:08,AMZN,3492.21,174.0,buy,NASDAQ
tx_0004430,2025-06-18 10:02:14,WMT,137.96,45.0,buy,NYSE
tx_0003530,2025-06-18 10:02:15,WMT,137.25,165.0,sell,NYSE
tx_0002576,2025-06-18 10:02:16,PG,139.45,732.0,buy,NYSE
tx_0008258,2025-06-18 10:02:19,V,218.57,563.0,buy,NYSE
tx_0002602,2025-06-18 10:02:24,PYPL,252.47,177.0,buy,NASDAQ
tx_0002474,2025-06-18 10:02:26,NFLX,505.36,625.0,buy,NASDAQ
tx_0009051,2025-06-18 10:02:27,AMZN,3551.17,447.0,buy,NASDAQ
tx_0008796,2025-06-18 10:02:28,NVDA,197.29,312.0,buy,NASDAQ
tx_0007752,2025-06-18 10:02:30,PEP,150.79,102.0,buy,NYSE
tx_0008050,2025-06-18 10:02:32,MCD,247.77,255.0,sell,NYSE
tx_0005615,2025-06-18 10:02:35,NFLX,509.4,852.0,buy,NASDAQ
tx_0008363,2025-06-18 10:02:35,TSLA,699.85,339.0,buy,NASDAQ
tx_0009005,2025-06-18 10:02:37,V,220.96,463.0,sell,NYSE
tx_0002644,2025-06-18 10:02:37,GOOGL,2848.81,401.0,buy,NASDAQ
tx_0006575,2025-06-18 10:02:38,WMT,136.35,206.0,sell,NYSE
tx_0009866,2025-06-18 10:02:42,PG,139.49,712.0,sell,NYSE
tx_0002530,2025-06-18 10:02:46,ADBE,612.26,730.0,buy,NASDAQ
tx_0001308,2025-06-18 10:02:48,FB,329.52,491.0,sell,NASDAQ
tx_0003310,2025-06-18 10:02:49,PG,140.61,144.0,sell,
tx_0005998,2025-06-18 10:02:50,PYPL,249.83,3.0,,NASDAQ
tx_0008220,2025-06-18 10:02:51,NFLX,509.33,119.0,buy,NASDAQ
tx_0000387,2025-06-18 10:02:51,GOOGL,2833.02,180.0,sell,NASDAQ
tx_0007112,2025-06-18 10:02:53,BRK.B,283.86,611.0,buy,NYSE
tx_0004433,2025-06-18 10:02:55,MCD,246.92,924.0,sell,NYSE
tx_0004848,2025-06-18 10:02:57,PYPL,254.03,328.0,sell,NASDAQ
tx_0009805,2025-06-18 10:02:59,PYPL,249.58,753.0,buy,NASDAQ
tx_0008130,2025-06-18 10:03:04,WMT,136.5,600.0,sell,NYSE
tx_0008900,2025-06-18 10:03:10,KO,55.58,222.0,sell,NYSE
tx_0005550,2025-06-18 10:03:10,NFLX,503.36,540.0,sell,NASDAQ
tx_0006211,2025-06-18 10:03:13,BRK.B,283.29,818.0,sell,NYSE
tx_0006600,2025-06-18 10:03:20,MCD,246.39,961.0,sell,NYSE
tx_0005801,2025-06-18 10:03:21,ADBE,607.8,338.0,sell,NASDAQ
tx_0001256,2025-06-18 10:03:22,WMT,138.33,86.0,buy,NYSE
tx_0009872,2025-06-18 10:03:23,MSFT,295.11,869.0,buy,NASDAQ
tx_0000320,2025-06-18 10:03:26,V,218.69,425.0,buy,NYSE
tx_0006573,2025-06-18 10:03:27,TSLA,695.2,373.0,sell,NASDAQ
tx_0007068,2025-06-18 10:03:28,TSLA,689.23,395.0,buy,NASDAQ
tx_0005553,2025-06-18 10:03:28,MCD,248.09,297.0,sell,NYSE
tx_0006785,2025-06-18 10:03:28,JNJ,176.98,344.0,sell,NYSE
tx_0006415,2025-06-18 10:03:29,WMT,138.37,9.0,buy,NYSE
tx_0002064,2025-06-18 10:03:29,BRK.B,285.8,783.0,buy,NYSE
tx_0003779,2025-06-18 10:03:31,GOOGL,2848.56,912.0,sell,NASDAQ
tx_0004437,2025-06-18 10:03:33,JNJ,176.57,507.0,buy,NYSE
tx_0000611,2025-06-18 10:03:34,DIS,178.58,698.0,buy,NYSE
tx_0004884,2025-06-18 10:03:36,GOOGL,2875.05,625.0,buy,NASDAQ
tx_0009305,2025-06-18 10:03:38,AMZN,3530.93,422.0,buy,NASDAQ
tx_0003643,2025-06-18 10:03:39,DIS,178.54,316.0,sell,NYSE
tx_0000535,2025-06-18 10:03:42,PEP,154.1,364.0,sell,NYSE
tx_0008357,2025-06-18 10:03:48,KO,55.3,86.0,buy,NYSE
tx_0001986,2025-06-18 10:03:48,NFLX,501.01,627.0,buy,NASDAQ
tx_0003579,2025-06-18 10:04:02,ADBE,611.19,502.0,buy,NASDAQ
tx_0001406,2025-06-18 10:04:02,AAPL,149.48,736.0,buy,NASDAQ
tx_0000219,2025-06-18 10:04:03,AMZN,3530.23,264.0,sell,NASDAQ
tx_0001014,2025-06-18 10:04:09,MCD,250.12,725.0,sell,NYSE
tx_0001439,2025-06-18 10:04:12,MA,344.73,710.0,buy,NYSE
tx_0001458,2025-06-18 10:04:12,PG,139.76,597.0,sell,NYSE
tx_0002281,2025-06-18 10:04:15,JNJ,175.2,928.0,sell,NYSE
tx_0006501,2025-06-18 10:04:15,TSLA,691.76,365.0,sell,NASDAQ
tx_0001966,2025-06-18 10:04:15,PYPL,250.6,132.0,sell,NASDAQ
tx_0008637,2025-06-18 10:04:20,MSFT,296.89,438.0,buy,NASDAQ
tx_0004365,2025-06-18 10:04:26,BRK.B,282.11,703.0,sell,NYSE
tx_0002695,2025-06-18 10:04:28,KO,55.6,243.0,buy,NYSE
tx_0007364,2025-06-18 10:04:28,MA,347.86,541.0,buy,NYSE
tx_0002031,2025-06-18 10:04:29,NFLX,507.18,337.0,sell,NASDAQ
tx_0000269,2025-06-18 10:04:32,JNJ,175.93,616.0,buy,NYSE
tx_0000096,2025-06-18 10:04:32,BRK.B,280.2,454.0,sell,NYSE
tx_0002815,2025-06-18 10:04:36,PEP,153.51,3.0,sell,NYSE
tx_0009049,2025-06-18 10:04:36,AAPL,147.63,412.0,sell,NASDAQ
tx_0001545,2025-06-18 10:04:42,TSLA,,164.0,buy,NASDAQ
tx_0002367,2025-06-18 10:04:49,KO,56.29,644.0,buy,NYSE
tx_0001276,2025-06-18 10:04:50,BRK.B,284.77,809.0,sell,NYSE
tx_0004523,2025-06-18 10:04:55,FB,329.94,211.0,buy,NASDAQ
tx_0000297,2025-06-18 10:04:55,AMZN,3550.82,200.0,buy,NASDAQ
tx_0007310,2025-06-18 10:04:56,AAPL,149.37,373.0,buy,NASDAQ
tx_0005762,2025-06-18 10:05:00,DIS,176.56,560.0,sell,NYSE
tx_0007116,2025-06-18 10:05:00,NVDA,199.47,872.0,sell,NASDAQ
tx_0008402,2025-06-18 10:05:00,MSFT,294.99,531.0,sell,NASDAQ
tx_0002905,2025-06-18 10:05:00,BRK.B,284.1,826.0,buy,NYSE
tx_0006934,2025-06-18 10:05:00,MA,346.23,971.0,buy,NYSE
tx_0000150,2025-06-18 10:05:01,MA,346.93,158.0,buy,NYSE
tx_0009694,2025-06-18 10:05:02,PEP,152.96,495.0,sell,NYSE
tx_0006084,2025-06-18 10:05:07,NFLX,502.03,620.0,buy,NASDAQ
tx_0000939,2025-06-18 10:05:08,JNJ,175.36,386.0,buy,NYSE
tx_0003757,2025-06-18 10:05:19,NVDA,198.03,215.0,buy,NASDAQ
tx_0008599,2025-06-18 10:05:23,PEP,154.42,168.0,sell,NYSE
tx_0001565,2025-06-18 10:05:23,NVDA,197.24,482.0,sell,NASDAQ
tx_0003356,2025-06-18 10:05:25,JNJ,173.96,641.0,buy,NYSE
tx_0002002,2025-06-18 10:05:31,KO,55.18,394.0,sell,NYSE
tx_0008040,2025-06-18 10:05:34,KO,55.57,771.0,buy,NYSE
tx_0002806,2025-06-18 10:05:40,BRK.B,282.89,621.0,sell,NYSE
tx_0008610,2025-06-18 10:05:41,WMT,137.85,321.0,sell,NYSE
tx_0003940,2025-06-18 10:05:42,GOOGL,2850.55,912.0,sell,NASDAQ
tx_0005792,2025-06-18 10:05:48,WMT,136.61,765.0,buy,NYSE
tx_0003822,2025-06-18 10:05:52,AMZN,,18.0,sell,NASDAQ
tx_0001004,2025-06-18 10:05:52,BRK.B,282.48,919.0,buy,NYSE
tx_0003965,2025-06-18 10:05:53,PG,141.08,256.0,sell,NYSE
tx_0003647,2025-06-18 10:05:55,MA,348.87,464.0,sell,NYSE
tx_0007026,2025-06-18 10:05:55,MCD,248.69,363.0,buy,NYSE
tx_0000658,2025-06-18 10:05:57,WMT,,354.0,sell,NYSE
tx_0002810,2025-06-18 10:05:58,AMZN,3513.68,545.0,sell,NASDAQ
tx_0000223,2025-06-18 10:05:58,MCD,249.08,912.0,sell,NYSE
tx_0006864,2025-06-18 10:05:58,AMZN,3542.83,926.0,sell,NASDAQ
tx_0009306,2025-06-18 10:06:03,DIS,175.8,345.0,buy,NYSE
tx_0008477,2025-06-18 10:06:09,NVDA,198.36,5.0,buy,NASDAQ
tx_0004642,2025-06-18 10:06:14,TSLA,701.29,370.0,sell,NASDAQ
tx_0000177,2025-06-18 10:06:16,NVDA,200.33,618.0,buy,NASDAQ
tx_0002618,2025-06-18 10:06:19,MA,344.64,899.0,sell,NYSE
tx_0003391,2025-06-18 10:06:20,NFLX,498.98,592.0,sell,NASDAQ
tx_0006788,2025-06-18 10:06:20,ADBE,601.71,481.0,buy,NASDAQ
tx_0002471,2025-06-18 10:06:25,PEP,154.34,728.0,sell,NYSE
tx_0006602,2025-06-18 10:06:25,BRK.B,283.17,97.0,buy,NYSE
tx_0006176,2025-06-18 10:06:29,PG,139.45,291.0,buy,NYSE
tx_0002286,2025-06-18 10:06:37,BRK.B,284.6,148.0,sell,NYSE
tx_0004274,2025-06-18 10:06:37,PEP,153.44,400.0,buy,NYSE
tx_0007751,2025-06-18 10:06:40,DIS,175.4,849.0,buy,NYSE
tx_0002694,2025-06-18 10:06:45,GOOGL,2870.22,444.0,buy,NASDAQ
tx_0005358,2025-06-18 10:06:45,PYPL,253.23,732.0,sell,NASDAQ
tx_0006707,2025-06-18 10:06:57,TSLA,706.27,76.0,buy,NASDAQ
tx_0001365,2025-06-18 10:06:57,AAPL,146.91,604.0,sell,NASDAQ
tx_0003540,2025-06-18 10:07:03,NFLX,503.22,636.0,sell,NASDAQ
tx_0002511,2025-06-18 10:07:03,GOOGL,2881.99,605.0,buy,NASDAQ
tx_0009979,2025-06-18 10:07:06,MSFT,299.55,42.0,sell,NASDAQ
tx_0005468,2025-06-18 10:07:08,PG,139.46,656.0,sell,NYSE
tx_0002035,2025-06-18 10:07:09,ADBE,606.47,55.0,buy,NASDAQ
tx_0002319,2025-06-18 10:07:10,FB,334.7,898.0,sell,NASDAQ
tx_0007045,2025-06-18 10:07:12,AAPL,149.52,895.0,sell,NASDAQ
tx_0003921,2025-06-18 10:07:12,V,220.13,537.0,sell,NYSE
tx_0008509,2025-06-18 10:07:13,V,223.13,442.0,buy,NYSE
tx_0006074,2025-06-18 10:07:16,NVDA,199.84,257.0,sell,NASDAQ
tx_0008750,2025-06-18 10:07:20,JNJ,176.8,510.0,buy,NYSE
tx_0008171,2025-06-18 10:07:21,GOOGL,2875.25,783.0,buy,NASDAQ
tx_0000638,2025-06-18 10:07:23,ADBE,606.49,160.0,sell,NASDAQ
tx_0009885,2025-06-18 10:07:25,ADBE,610.1,387.0,sell,NASDAQ
tx_0005410,2025-06-18 10:07:25,MCD,247.69,236.0,buy,NYSE
tx_0008508,2025-06-18 10:07:30,MA,349.21,701.0,,NYSE
tx_0004647,2025-06-18 10:07:33,PG,138.84,715.0,sell,NYSE
tx_0008920,2025-06-18 10:07:35,V,221.18,63.0,buy,NYSE
tx_0009133,2025-06-18 10:07:36,ADBE,601.53,137.0,sell,NASDAQ
tx_0000576,2025-06-18 10:07:37,TSLA,710.54,323.0,buy,
tx_0003917,2025-06-18 10:07:38,PEP,152.94,525.0,sell,NYSE
tx_0004935,2025-06-18 10:07:38,NVDA,198.88,826.0,buy,NASDAQ
tx_0004160,2025-06-18 10:07:38,PG,140.04,946.0,buy,NYSE
tx_0009002,2025-06-18 10:07:39,PG,139.41,924.0,sell,NYSE
tx_0009714,2025-06-18 10:07:40,MCD,248.45,689.0,buy,NYSE
tx_0002400,2025-06-18 10:07:46,MSFT,293.12,455.0,buy,NASDAQ
tx_0001624,2025-06-18 10:07:48,PG,139.68,351.0,buy,NYSE
tx_0009550,2025-06-18 10:07:49,MCD,245.81,268.0,sell,NYSE
tx_0004459,2025-06-18 10:07:50,NVDA,197.02,66.0,sell,NASDAQ
tx_0005304,2025-06-18 10:07:50,MSFT,294.83,371.0,buy,NASDAQ
tx_0008989,2025-06-18 10:07:57,GOOGL,2867.19,35.0,buy,NASDAQ
tx_0005900,2025-06-18 10:07:57,NFLX,505.94,922.0,sell,NASDAQ
tx_0002169,2025-06-18 10:07:58,AAPL,147.46,755.0,sell,NASDAQ
tx_0007251,2025-06-18 10:07:58,AAPL,148.29,318.0,sell,NASDAQ
tx_0004206,2025-06-18 10:07:59,PYPL,254.8,431.0,sell,NASDAQ
tx_0007725,2025-06-18 10:07:59,GOOGL,2893.33,183.0,buy,NASDAQ
tx_0005035,2025-06-18 10:08:00,GOOGL,2853.51,473.0,buy,NASDAQ
tx_0004372,2025-06-18 10:08:01,PG,140.16,577.0,sell,NYSE
tx_0004752,2025-06-18 10:08:02,AAPL,149.49,199.0,buy,NASDAQ
tx_0003892,2025-06-18 10:08:03,DIS,178.44,223.0,sell,NYSE
tx_0000570,2025-06-18 10:08:04,MCD,249.89,227.0,sell,NYSE
tx_0007572,2025-06-18 10:08:09,KO,55.85,774.0,sell,NYSE
tx_0009420,2025-06-18 10:08:10,TSLA,707.4,873.0,sell,NASDAQ
tx_0006696,2025-06-18 10:08:10,PEP,152.75,693.0,sell,NYSE
tx_0008507,2025-06-18 10:08:15,NVDA,199.47,333.0,sell,NASDAQ
tx_0001855,2025-06-18 10:08:16,BRK.B,283.56,962.0,sell,NYSE
tx_0006477,2025-06-18 10:08:19,GOOGL,2848.15,336.0,sell,NASDAQ
tx_0005604,2025-06-18 10:08:21,JNJ,176.47,88.0,sell,NYSE
tx_0008238,2025-06-18 10:08:23,GOOGL,2841.29,207.0,buy,NASDAQ
tx_0007209,2025-06-18 10:08:26,ADBE,607.35,879.0,buy,NASDAQ
tx_0004195,2025-06-18 10:08:26,V,221.1,886.0,sell,NYSE
tx_0002297,2025-06-18 10:08:29,V,221.19,478.0,sell,NYSE
tx_0006455,2025-06-18 10:08:29,ADBE,607.53,560.0,sell,NASDAQ
tx_0004774,2025-06-18 10:08:35,FB,333.77,445.0,sell,NASDAQ
tx_0004419,2025-06-18 10:08:37,JNJ,177.07,481.0,sell,NYSE
tx_0000003,2025-06-18 10:08:39,V,220.88,,buy,NYSE
tx_0002368,2025-06-18 10:08:40,BRK.B,283.88,781.0,sell,NYSE
tx_0002438,2025-06-18 10:08:41,AAPL,148.49,282.0,buy,NASDAQ
tx_0001303,2025-06-18 10:08:41,NFLX,499.76,828.0,sell,NASDAQ
tx_0001994,2025-06-18 10:08:42,GOOGL,2891.86,646.0,buy,NASDAQ
tx_0004835,2025-06-18 10:08:48,MA,348.78,217.0,sell,NYSE
tx_0006059,2025-06-18 10:08:48,FB,328.84,448.0,sell,NASDAQ
tx_0005607,2025-06-18 10:08:49,JNJ,174.83,704.0,sell,NYSE
tx_0008665,2025-06-18 10:08:54,NVDA,197.45,213.0,buy,NASDAQ
tx_0008395,2025-06-18 10:08:56,TSLA,707.83,590.0,sell,NASDAQ
tx_0002667,2025-06-18 10:08:57,MSFT,297.1,950.0,buy,NASDAQ
tx_0004971,2025-06-18 10:08:59,KO,55.75,31.0,buy,NYSE
tx_0009092,2025-06-18 10:09:00,NVDA,199.62,70.0,sell,NASDAQ
tx_0002024,2025-06-18 10:09:00,ADBE,601.31,800.0,buy,NASDAQ
tx_0005247,2025-06-18 10:09:06,NFLX,503.02,282.0,sell,NASDAQ
tx_0007769,2025-06-18 10:09:06,NFLX,506.89,642.0,sell,NASDAQ
tx_0003416,2025-06-18 10:09:07,AMZN,3545.53,783.0,buy,NASDAQ
tx_0002945,2025-06-18 10:09:11,NVDA,195.92,882.0,buy,NASDAQ
tx_0001464,2025-06-18 10:09:11,TSLA,712.29,84.0,buy,NASDAQ
tx_0007643,2025-06-18 10:09:11,JNJ,176.22,607.0,sell,NYSE
tx_0003688,2025-06-18 10:09:12,TSLA,710.92,639.0,sell,NASDAQ
tx_0006181,2025-06-18 10:09:14,WMT,136.95,495.0,buy,NYSE
tx_0005807,2025-06-18 10:09:18,GOOGL,2868.62,231.0,buy,NASDAQ
tx_0005670,2025-06-18 10:09:20,AMZN,3575.49,162.0,sell,NASDAQ
tx_0003988,2025-06-18 10:09:22,NVDA,197.34,823.0,,NASDAQ
tx_0007999,2025-06-18 10:09:23,PG,139.36,711.0,buy,NYSE
tx_0008806,2025-06-18 10:09:24,PEP,154.55,711.0,sell,NYSE
tx_0000058,2025-06-18 10:09:33,AAPL,,599.0,buy,NASDAQ
tx_0008547,2025-06-18 10:09:38,GOOGL,2898.46,274.0,buy,NASDAQ
tx_0004618,2025-06-18 10:09:38,AMZN,3590.22,879.0,buy,NASDAQ
tx_0002195,2025-06-18 10:09:38,BRK.B,284.4,981.0,buy,NYSE
tx_0004621,2025-06-18 10:09:38,V,218.35,973.0,sell,NYSE
tx_0009565,2025-06-18 10:09:39,ADBE,608.81,93.0,sell,NASDAQ
tx_0001596,2025-06-18 10:09:40,MSFT,293.36,721.0,sell,NASDAQ
tx_0002535,2025-06-18 10:09:41,AMZN,3579.09,326.0,buy,NASDAQ
tx_0003389,2025-06-18 10:09:48,PEP,153.3,729.0,buy,NYSE
tx_0008117,2025-06-18 10:09:49,V,218.68,617.0,buy,NYSE
tx_0008511,2025-06-18 10:09:50,MA,351.16,143.0,sell,NYSE
tx_0009902,2025-06-18 10:09:52,NVDA,198.96,987.0,buy,NASDAQ
tx_0004362,2025-06-18 10:09:57,WMT,138.08,159.0,buy,NYSE
tx_0007549,2025-06-18 10:10:01,WMT,138.88,628.0,sell,NYSE
tx_0006356,2025-06-18 10:10:04,BRK.B,281.27,210.0,sell,NYSE
tx_0006682,2025-06-18 10:10:05,MCD,246.09,633.0,buy,NYSE
tx_0008943,2025-06-18 10:10:07,NFLX,503.75,91.0,sell,NASDAQ
tx_0002141,2025-06-18 10:10:11,NFLX,499.68,413.0,sell,NASDAQ
tx_0000261,2025-06-18 10:10:11,FB,328.04,680.0,buy,NASDAQ
tx_0001526,2025-06-18 10:10:13,AAPL,148.51,851.0,buy,NASDAQ
tx_0000644,2025-06-18 10:10:15,MA,348.63,91.0,sell,NYSE
tx_0007504,2025-06-18 10:10:17,MCD,244.96,451.0,sell,NYSE
tx_0002984,2025-06-18 10:10:21,MA,352.3,241.0,sell,NYSE
tx_0003863,2025-06-18 10:10:29,WMT,137.11,428.0,buy,NYSE
tx_0007163,2025-06-18 10:10:34,PYPL,256.43,99.0,buy,NASDAQ
tx_0003642,2025-06-18 10:10:37,GOOGL,2881.35,295.0,buy,NASDAQ
tx_0001408,2025-06-18 10:10:37,GOOGL,2859.76,50.0,sell,NASDAQ
tx_0006257,2025-06-18 10:10:53,KO,55.96,196.0,sell,NYSE
tx_0005362,2025-06-18 10:10:54,GOOGL,2864.32,613.0,buy,NASDAQ
tx_0009907,2025-06-18 10:10:59,DIS,175.55,815.0,buy,NYSE
tx_0004382,2025-06-18 10:11:01,MA,351.61,802.0,buy,NYSE
tx_0000204,2025-06-18 10:11:05,ADBE,602.57,88.0,buy,NASDAQ
tx_0005169,2025-06-18 10:11:06,WMT,137.56,259.0,buy,NYSE
tx_0005690,2025-06-18 10:11:07,ADBE,606.38,618.0,sell,
tx_0004045,2025-06-18 10:11:07,ADBE,605.31,757.0,sell,NASDAQ
tx_0002867,2025-06-18 10:11:08,NVDA,198.58,57.0,buy,NASDAQ
tx_0004720,2025-06-18 10:11:08,AMZN,3570.71,513.0,buy,NASDAQ
tx_0003156,2025-06-18 10:11:08,AAPL,148.41,117.0,buy,NASDAQ
tx_0007434,2025-06-18 10:11:14,ADBE,608.87,473.0,buy,NASDAQ
tx_0000765,2025-06-18 10:11:20,WMT,139.42,919.0,buy,NYSE
tx_0009581,2025-06-18 10:11:20,V,221.01,373.0,sell,NYSE
tx_0007762,2025-06-18 10:11:29,MA,354.67,678.0,buy,NYSE
tx_0004037,2025-06-18 10:11:31,DIS,177.34,18.0,sell,NYSE
tx_0009884,2025-06-18 10:11:31,PG,140.56,513.0,buy,NYSE
tx_0007430,2025-06-18 10:11:34,PYPL,253.02,595.0,sell,NASDAQ
tx_0004573,2025-06-18 10:11:35,GOOGL,2877.67,446.0,sell,NASDAQ
tx_0003116,2025-06-18 10:11:38,PEP,153.62,162.0,sell,NYSE
tx_0008343,2025-06-18 10:11:39,ADBE,611.07,374.0,buy,NASDAQ
tx_0006838,2025-06-18 10:11:48,V,219.76,419.0,sell,NYSE
tx_0007888,2025-06-18 10:11:48,BRK.B,283.75,219.0,buy,NYSE
tx_0008575,2025-06-18 10:11:49,NFLX,503.06,916.0,sell,NASDAQ
tx_0007057,2025-06-18 10:11:51,KO,56.17,241.0,buy,NYSE
tx_0002068,2025-06-18 10:11:53,DIS,176.89,677.0,buy,NYSE
tx_0006656,2025-06-18 10:11:53,JNJ,176.28,247.0,,NYSE
tx_0002007,2025-06-18 10:11:54,WMT,139.51,575.0,buy,NYSE
tx_0003922,2025-06-18 10:11:56,ADBE,601.13,563.0,buy,NASDAQ
tx_0002306,2025-06-18 10:11:57,PEP,152.15,713.0,buy,NYSE
tx_0002119,2025-06-18 10:11:58,JNJ,174.4,418.0,sell,NYSE
tx_0007395,2025-06-18 10:11:58,DIS,178.32,831.0,buy,NYSE
tx_0009665,2025-06-18 10:12:00,PG,140.19,74.0,sell,NYSE
tx_0005517,2025-06-18 10:12:03,DIS,176.36,212.0,sell,NYSE
tx_0005014,2025-06-18 10:12:07,AMZN,3605.36,669.0,buy,NASDAQ
tx_0002924,2025-06-18 10:12:09,PEP,153.19,955.0,buy,NYSE
tx_0001402,2025-06-18 10:12:13,TSLA,711.55,367.0,buy,NASDAQ
tx_0006993,2025-06-18 10:12:14,AMZN,3554.51,824.0,sell,NASDAQ
tx_0002687,2025-06-18 10:12:16,GOOGL,,375.0,buy,NASDAQ
tx_0004421,2025-06-18 10:12:18,PEP,152.75,643.0,buy,NYSE
tx_0003655,2025-06-18 10:12:20,GOOGL,2904.59,7.0,buy,NASDAQ
tx_0004680,2025-06-18 10:12:22,FB,331.84,786.0,buy,NASDAQ
tx_0000771,2025-06-18 10:12:24,PG,139.63,70.0,sell,NYSE
tx_0001468,2025-06-18 10:12:27,TSLA,703.26,897.0,buy,NASDAQ
tx_0001034,2025-06-18 10:12:30,GOOGL,2914.62,50.0,sell,NASDAQ
tx_0000595,2025-06-18 10:12:33,MCD,245.56,467.0,buy,NYSE
tx_0005809,2025-06-18 10:12:34,AAPL,147.42,121.0,buy,NASDAQ
tx_0006941,2025-06-18 10:12:40,MSFT,297.25,496.0,sell,NASDAQ
tx_0001233,2025-06-18 10:12:44,AAPL,148.47,481.0,buy,NASDAQ
tx_0007153,2025-06-18 10:12:44,AMZN,3574.84,76.0,,NASDAQ
tx_0007806,2025-06-18 10:12:45,PYPL,252.79,771.0,sell,NASDAQ
tx_0007247,2025-06-18 10:12:52,BRK.B,281.38,315.0,buy,NYSE
tx_0006131,2025-06-18 10:12:53,KO,55.44,26.0,sell,NYSE
tx_0006061,2025-06-18 10:12:56,PYPL,257.17,581.0,buy,NASDAQ
tx_0009828,2025-06-18 10:12:59,GOOGL,2922.76,4.0,sell,NASDAQ
tx_0003451,2025-06-18 10:13:00,MSFT,295.41,111.0,sell,NASDAQ
tx_0000159,2025-06-18 10:13:04,ADBE,606.41,670.0,buy,NASDAQ
tx_0003587,2025-06-18 10:13:04,NVDA,195.21,,buy,NASDAQ
tx_0001329,2025-06-18 10:13:04,JNJ,175.25,580.0,sell,NYSE
tx_0007816,2025-06-18 10:13:09,MCD,245.71,671.0,sell,NYSE
tx_0008378,2025-06-18 10:13:10,WMT,138.4,78.0,sell,NYSE
tx_0008454,2025-06-18 10:13:11,TSLA,712.22,94.0,buy,NASDAQ
tx_0003257,2025-06-18 10:13:12,KO,55.22,264.0,sell,NYSE
tx_0007943,2025-06-18 10:13:13,MCD,245.89,151.0,sell,NYSE
tx_0006323,2025-06-18 10:13:15,ADBE,598.29,190.0,buy,NASDAQ
tx_0005255,2025-06-18 10:13:17,PEP,152.65,201.0,,NYSE
tx_0005360,2025-06-18 10:13:17,KO,55.75,216.0,sell,NYSE
tx_0006961,2025-06-18 10:13:24,MSFT,291.76,937.0,buy,NASDAQ
tx_0009425,2025-06-18 10:13:27,ADBE,599.92,741.0,sell,NASDAQ
tx_0001176,2025-06-18 10:13:31,TSLA,702.13,62.0,sell,NASDAQ
tx_0001368,2025-06-18 10:13:35,DIS,175.26,11.0,sell,NYSE
tx_0003024,2025-06-18 10:13:36,TSLA,706.78,716.0,sell,NASDAQ
tx_0008481,2025-06-18 10:13:40,BRK.B,281.59,721.0,buy,NYSE
tx_0006232,2025-06-18 10:13:41,V,220.72,488.0,buy,NYSE
tx_0004060,2025-06-18 10:13:44,ADBE,602.22,528.0,buy,NASDAQ
tx_0009668,2025-06-18 10:13:45,BRK.B,282.28,755.0,sell,NYSE
tx_0009613,2025-06-18 10:13:46,AAPL,148.17,308.0,buy,NASDAQ
tx_0004235,2025-06-18 10:13:47,DIS,177.18,826.0,buy,NYSE
tx_0004690,2025-06-18 10:13:55,NFLX,505.82,522.0,buy,NASDAQ
tx_0003873,2025-06-18 10:13:56,JNJ,176.18,42.0,sell,NYSE
tx_0009472,2025-06-18 10:14:00,V,221.47,901.0,sell,NYSE
tx_0005348,2025-06-18 10:14:00,MCD,246.63,548.0,buy,NYSE
tx_0005029,2025-06-18 10:14:02,BRK.B,281.23,536.0,buy,NYSE
tx_0004410,2025-06-18 10:14:02,FB,329.89,567.0,sell,NASDAQ
tx_0009605,2025-06-18 10:14:03,DIS,177.3,722.0,buy,NYSE
tx_0000299,2025-06-18 10:14:04,V,222.09,460.0,buy,NYSE
tx_0009602,2025-06-18 10:14:13,TSLA,700.54,557.0,buy,NASDAQ
tx_0008819,2025-06-18 10:14:28,MCD,246.43,762.0,sell,NYSE
tx_0002727,2025-06-18 10:14:28,NVDA,194.59,77.0,buy,NASDAQ
tx_0007630,2025-06-18 10:14:28,PEP,152.15,275.0,sell,NYSE
tx_0007781,2025-06-18 10:14:31,GOOGL,2934.67,274.0,sell,NASDAQ
tx_0002410,2025-06-18 10:14:32,MSFT,290.7,303.0,buy,NASDAQ
tx_0001011,2025-06-18 10:14:38,DIS,176.92,354.0,buy,NYSE
tx_0005243,2025-06-18 10:14:39,PEP,155.04,463.0,sell,NYSE
tx_0005138,2025-06-18 10:14:43,PG,142.19,300.0,buy,NYSE
tx_0004488,2025-06-18 10:14:44,BRK.B,283.64,944.0,buy,NYSE
tx_0003160,2025-06-18 10:14:45,PYPL,253.38,463.0,sell,NASDAQ
tx_0006324,2025-06-18 10:14:46,ADBE,604.43,119.0,sell,NASDAQ
tx_0003766,2025-06-18 10:14:50,GOOGL,2953.78,821.0,sell,NASDAQ
tx_0007863,2025-06-18 10:14:50,WMT,139.02,772.0,sell,NYSE
tx_0002725,2025-06-18 10:14:51,TSLA,709.92,567.0,sell,NASDAQ
tx_0001730,2025-06-18 10:14:51,V,223.09,368.0,buy,NYSE
tx_0003465,2025-06-18 10:14:56,MA,355.86,780.0,sell,
tx_0002553,2025-06-18 10:14:59,V,219.58,866.0,buy,NYSE
tx_0008222,2025-06-18 10:15:02,DIS,176.42,474.0,sell,NYSE
tx_0000635,2025-06-18 10:15:05,MA,349.86,345.0,buy,NYSE
tx_0001323,2025-06-18 10:15:13,BRK.B,283.35,515.0,sell,
tx_0003613,2025-06-18 10:15:14,PG,140.65,797.0,sell,NYSE
tx_0004205,2025-06-18 10:15:16,DIS,177.01,522.0,sell,NYSE
tx_0002824,2025-06-18 10:15:18,NFLX,497.39,724.0,buy,NASDAQ
tx_0004388,2025-06-18 10:15:21,AAPL,147.41,149.0,buy,NASDAQ
tx_0008778,2025-06-18 10:15:22,ADBE,603.23,422.0,buy,NASDAQ
tx_0004181,2025-06-18 10:15:23,PEP,154.81,880.0,sell,NYSE
tx_0008658,2025-06-18 10:15:23,AAPL,147.48,912.0,sell,NASDAQ
tx_0003438,2025-06-18 10:15:25,FB,329.21,206.0,sell,NASDAQ
tx_0008114,2025-06-18 10:15:26,TSLA,715.27,945.0,sell,NASDAQ
tx_0003654,2025-06-18 10:15:29,KO,56.29,170.0,sell,NYSE
tx_0001051,2025-06-18 10:15:31,GOOGL,2926.34,194.0,sell,NASDAQ
tx_0002760,2025-06-18 10:15:31,KO,56.26,412.0,sell,NYSE
tx_0005047,2025-06-18 10:15:34,PEP,154.89,539.0,buy,NYSE
tx_0008128,2025-06-18 10:15:35,MSFT,293.85,307.0,buy,NASDAQ
tx_0004263,2025-06-18 10:15:39,AMZN,3589.14,779.0,sell,NASDAQ
tx_0000062,2025-06-18 10:15:40,KO,56.24,43.0,buy,NYSE
tx_0005062,2025-06-18 10:15:41,FB,331.37,807.0,sell,NASDAQ
tx_0003457,2025-06-18 10:15:43,PYPL,253.71,307.0,sell,NASDAQ
tx_0000430,2025-06-18 10:15:43,PEP,154.9,939.0,buy,NYSE
tx_0006282,2025-06-18 10:15:47,DIS,177.89,435.0,buy,NYSE
tx_0004937,2025-06-18 10:15:47,AMZN,3591.97,500.0,buy,NASDAQ
tx_0008769,2025-06-18 10:15:51,ADBE,594.85,796.0,buy,NASDAQ
tx_0001168,2025-06-18 10:15:53,ADBE,599.72,729.0,sell,NASDAQ
tx_0004306,2025-06-18 10:15:56,WMT,137.74,607.0,sell,NYSE
tx_0007343,2025-06-18 10:16:06,NVDA,194.74,152.0,buy,NASDAQ
tx_0004118,2025-06-18 10:16:08,NVDA,194.72,135.0,sell,NASDAQ
tx_0003876,2025-06-18 10:16:09,BRK.B,288.4,119.0,sell,NYSE
tx_0001870,2025-06-18 10:16:11,FB,332.81,711.0,sell,NASDAQ
tx_0003403,2025-06-18 10:16:14,AMZN,3597.67,963.0,sell,NASDAQ
tx_0004127,2025-06-18 10:16:17,NFLX,504.55,180.0,sell,NASDAQ
tx_0007276,2025-06-18 10:16:20,PG,141.97,441.0,buy,NYSE
tx_0005180,2025-06-18 10:16:22,AMZN,3554.46,715.0,sell,NASDAQ
tx_0005594,2025-06-18 10:16:22,KO,56.5,854.0,sell,NYSE
tx_0001254,2025-06-18 10:16:22,MCD,246.84,469.0,buy,NYSE
tx_0009356,2025-06-18 10:16:24,BRK.B,288.76,332.0,buy,NYSE
tx_0002950,2025-06-18 10:16:30,AAPL,146.07,528.0,sell,NASDAQ
tx_0002738,2025-06-18 10:16:35,PEP,152.98,235.0,sell,NYSE
tx_0000808,2025-06-18 10:16:43,GOOGL,2911.17,167.0,sell,NASDAQ
tx_0000239,2025-06-18 10:16:43,MSFT,292.52,812.0,sell,NASDAQ
tx_0005298,2025-06-18 10:16:44,DIS,175.98,78.0,sell,NYSE
tx_0009101,2025-06-18 10:16:45,PG,140.93,269.0,sell,NYSE
tx_0008189,2025-06-18 10:16:47,AAPL,146.75,643.0,sell,NASDAQ
tx_0009993,2025-06-18 10:16:49,PG,141.8,786.0,buy,NYSE
tx_0009067,2025-06-18 10:16:50,V,222.04,624.0,sell,NYSE
tx_0000441,2025-06-18 10:16:50,PYPL,257.09,941.0,sell,NASDAQ
tx_0005280,2025-06-18 10:16:51,KO,55.68,384.0,buy,NYSE
tx_0006641,2025-06-18 10:16:57,JNJ,176.06,560.0,buy,NYSE
tx_0007424,2025-06-18 10:17:01,MSFT,292.04,509.0,sell,NASDAQ
tx_0004068,2025-06-18 10:17:04,AAPL,148.91,288.0,buy,NASDAQ
tx_0007415,2025-06-18 10:17:06,NVDA,196.62,816.0,sell,NASDAQ
tx_0002124,2025-06-18 10:17:08,GOOGL,2911.16,430.0,sell,NASDAQ
tx_0001551,2025-06-18 10:17:09,KO,56.61,390.0,buy,NYSE
tx_0004700,2025-06-18 10:17:12,MSFT,294.08,24.0,buy,NASDAQ
tx_0006384,2025-06-18 10:17:16,DIS,176.96,69.0,sell,NYSE
tx_0003833,2025-06-18 10:17:16,PYPL,257.18,255.0,sell,NASDAQ
tx_0003084,2025-06-18 10:17:20,PYPL,258.05,931.0,sell,NASDAQ
tx_0006551,2025-06-18 10:17:21,PEP,154.94,649.0,buy,NYSE
tx_0000507,2025-06-18 10:17:25,MA,,363.0,sell,NYSE
tx_0002058,2025-06-18 10:17:27,PYPL,254.45,403.0,sell,NASDAQ
tx_0002533,2025-06-18 10:17:32,MCD,244.86,272.0,sell,NYSE
tx_0008391,2025-06-18 10:17:36,MCD,243.96,372.0,buy,NYSE
tx_0004915,2025-06-18 10:17:36,NFLX,506.63,261.0,sell,NASDAQ
tx_0007700,2025-06-18 10:17:46,PEP,153.7,386.0,buy,NYSE
tx_0007101,2025-06-18 10:17:47,JNJ,177.47,682.0,sell,NYSE
tx_0008616,2025-06-18 10:17:50,ADBE,601.59,977.0,buy,NASDAQ
tx_0000777,2025-06-18 10:17:50,AMZN,3567.97,128.0,sell,NASDAQ
tx_0008913,2025-06-18 10:17:51,BRK.B,287.23,287.0,sell,NYSE
tx_0001135,2025-06-18 10:17:52,JNJ,176.02,64.0,buy,NYSE
tx_0009386,2025-06-18 10:17:54,ADBE,593.23,215.0,buy,NASDAQ
tx_0002875,2025-06-18 10:17:58,PYPL,253.1,713.0,sell,NASDAQ
tx_0004825,2025-06-18 10:17:59,MCD,246.05,669.0,buy,NYSE
tx_0001533,2025-06-18 10:17:59,V,224.11,443.0,sell,NYSE
tx_0001934,2025-06-18 10:17:59,MA,357.7,968.0,sell,NYSE
tx_0001473,2025-06-18 10:18:01,PYPL,255.02,725.0,buy,NASDAQ
tx_0006055,2025-06-18 10:18:08,WMT,137.41,128.0,buy,NYSE
tx_0003004,2025-06-18 10:18:10,PG,141.88,699.0,buy,NYSE
tx_0004040,2025-06-18 10:18:10,KO,56.4,709.0,buy,NYSE
tx_0004765,2025-06-18 10:18:17,MCD,246.34,935.0,sell,NYSE
tx_0007385,2025-06-18 10:18:17,FB,325.37,496.0,buy,NASDAQ
tx_0000238,2025-06-18 10:18:17,BRK.B,286.84,243.0,sell,NYSE
tx_0000108,2025-06-18 10:18:20,BRK.B,287.11,610.0,sell,NYSE
tx_0009575,2025-06-18 10:18:26,JNJ,176.39,914.0,sell,NYSE
tx_0006950,2025-06-18 10:18:27,NVDA,195.96,953.0,sell,NASDAQ
tx_0009210,2025-06-18 10:18:27,PYPL,254.37,48.0,sell,NASDAQ
tx_0004187,2025-06-18 10:18:31,MA,356.02,221.0,buy,NYSE
tx_0002622,2025-06-18 10:18:32,NVDA,195.5,529.0,buy,NASDAQ
tx_0005881,2025-06-18 10:18:34,DIS,175.41,115.0,buy,NYSE
tx_0009931,2025-06-18 10:18:37,NVDA,197.39,204.0,buy,NASDAQ
tx_0006195,2025-06-18 10:18:42,V,223.51,347.0,buy,NYSE
tx_0005566,2025-06-18 10:18:43,BRK.B,288.5,595.0,sell,NYSE
tx_0009952,2025-06-18 10:18:44,MSFT,295.98,870.0,buy,NASDAQ
tx_0008586,2025-06-18 10:18:45,PEP,155.72,241.0,sell,NYSE
tx_0003050,2025-06-18 10:18:46,PEP,154.5,988.0,sell,NYSE
tx_0007922,2025-06-18 10:18:51,MSFT,292.59,718.0,sell,NASDAQ
tx_0003017,2025-06-18 10:18:52,TSLA,712.41,505.0,sell,NASDAQ
tx_0006722,2025-06-18 10:18:53,MSFT,292.94,15.0,sell,NASDAQ
tx_0008054,2025-06-18 10:18:58,BRK.B,289.54,835.0,sell,NYSE
tx_0003045,2025-06-18 10:18:58,MCD,243.61,521.0,buy,NYSE
tx_0008886,2025-06-18 10:18:59,TSLA,711.57,370.0,sell,NASDAQ
tx_0003816,2025-06-18 10:19:01,FB,326.18,675.0,buy,NASDAQ
tx_0000857,2025-06-18 10:19:02,MA,359.86,232.0,sell,NYSE
tx_0000542,2025-06-18 10:19:03,PEP,153.4,37.0,buy,NYSE
tx_0006310,2025-06-18 10:19:12,ADBE,597.33,776.0,sell,NASDAQ
tx_0004401,2025-06-18 10:19:13,AAPL,147.16,738.0,buy,NASDAQ
tx_0000162,2025-06-18 10:19:16,DIS,175.73,432.0,sell,NYSE
tx_0004612,2025-06-18 10:19:20,WMT,137.24,218.0,sell,NYSE
tx_0006473,2025-06-18 10:19:21,WMT,137.13,465.0,sell,NYSE
tx_0002987,2025-06-18 10:19:22,V,220.97,258.0,sell,NYSE
tx_0004538,2025-06-18 10:19:23,MA,357.02,968.0,sell,NYSE
tx_0005032,2025-06-18 10:19:27,V,222.45,578.0,buy,NYSE
tx_0008632,2025-06-18 10:19:29,TSLA,703.99,501.0,sell,NASDAQ
tx_0003206,2025-06-18 10:19:30,PEP,154.41,749.0,buy,NYSE
tx_0001677,2025-06-18 10:19:33,WMT,138.3,520.0,buy,NYSE
tx_0003731,2025-06-18 10:19:34,NVDA,196.54,915.0,buy,NASDAQ
tx_0009093,2025-06-18 10:19:37,V,222.67,898.0,buy,NYSE
tx_0000946,2025-06-18 10:19:39,FB,328.79,991.0,buy,NASDAQ
tx_0007114,2025-06-18 10:19:41,DIS,177.74,599.0,buy,NYSE
tx_0008239,2025-06-18 10:19:42,MCD,249.4,555.0,sell,NYSE
tx_0007207,2025-06-18 10:19:57,AAPL,146.81,716.0,sell,NASDAQ
tx_0008000,2025-06-18 10:19:58,TSLA,711.39,162.0,buy,NASDAQ
tx_0007810,2025-06-18 10:19:59,MSFT,290.95,720.0,sell,NASDAQ
tx_0001980,2025-06-18 10:20:00,AMZN,3574.48,994.0,buy,NASDAQ
tx_0004248,2025-06-18 10:20:01,NFLX,499.1,829.0,buy,NASDAQ
tx_0004231,2025-06-18 10:20:03,GOOGL,2967.95,653.0,sell,NASDAQ
tx_0009250,2025-06-18 10:20:04,FB,325.06,700.0,buy,NASDAQ
tx_0000962,2025-06-18 10:20:07,AMZN,3544.16,701.0,buy,NASDAQ
tx_0006125,2025-06-18 10:20:09,MSFT,292.76,953.0,sell,NASDAQ
tx_0006275,2025-06-18 10:20:11,PG,140.42,798.0,sell,NYSE
tx_0007919,2025-06-18 10:20:15,PYPL,254.45,843.0,sell,NASDAQ
tx_0004214,2025-06-18 10:20:15,JNJ,175.09,342.0,buy,NYSE
tx_0004158,2025-06-18 10:20:15,PYPL,251.84,717.0,sell,NASDAQ
tx_0004588,2025-06-18 10:20:17,JNJ,176.7,604.0,buy,NYSE
tx_0000166,2025-06-18 10:20:18,MSFT,293.4,707.0,buy,NASDAQ
tx_0006683,2025-06-18 10:20:19,PYPL,253.31,801.0,buy,NASDAQ
tx_0003118,2025-06-18 10:20:26,NVDA,195.28,259.0,sell,NASDAQ
tx_0008021,2025-06-18 10:20:26,JNJ,175.31,197.0,buy,NYSE
tx_0009611,2025-06-18 10:20:26,KO,55.85,43.0,buy,NYSE
tx_0001658,2025-06-18 10:20:26,KO,56.28,877.0,buy,NYSE
tx_0006991,2025-06-18 10:20:27,PEP,155.3,20.0,sell,NYSE
tx_0005097,2025-06-18 10:20:30,MSFT,293.12,58.0,sell,NASDAQ
tx_0003414,2025-06-18 10:20:30,NFLX,502.07,804.0,buy,NASDAQ
tx_0007540,2025-06-18 10:20:30,ADBE,599.73,673.0,buy,NASDAQ
tx_0000235,2025-06-18 10:20:30,PG,141.09,328.0,sell,NYSE
tx_0006413,2025-06-18 10:20:33,GOOGL,2945.77,31.0,sell,NASDAQ
tx_0004645,2025-06-18 10:20:34,PG,142.27,581.0,buy,NYSE
tx_0000810,2025-06-18 10:20:35,AAPL,148.45,726.0,,NASDAQ
tx_0008331,2025-06-18 10:20:37,AMZN,3517.63,103.0,sell,NASDAQ
tx_0006474,2025-06-18 10:20:38,V,224.51,510.0,sell,NYSE
tx_0002105,2025-06-18 10:20:41,MSFT,290.77,624.0,buy,NASDAQ
tx_0005612,2025-06-18 10:20:41,PYPL,251.49,160.0,sell,NASDAQ
tx_0003428,2025-06-18 10:20:42,MA,357.29,192.0,buy,NYSE
tx_0009928,2025-06-18 10:20:42,NFLX,503.97,225.0,buy,NASDAQ
tx_0000785,2025-06-18 10:20:43,PEP,154.47,716.0,buy,NYSE
tx_0005170,2025-06-18 10:20:47,NFLX,504.69,230.0,sell,NASDAQ
tx_0007003,2025-06-18 10:20:50,TSLA,710.61,67.0,sell,NASDAQ
tx_0005849,2025-06-18 10:21:00,AAPL,147.46,406.0,buy,NASDAQ
tx_0006553,2025-06-18 10:21:01,AAPL,148.35,127.0,buy,NASDAQ
tx_0001706,2025-06-18 10:21:03,V,224.38,638.0,buy,NYSE
tx_0003429,2025-06-18 10:21:07,NVDA,198.27,141.0,buy,NASDAQ
tx_0005096,2025-06-18 10:21:11,GOOGL,2924.49,752.0,buy,NASDAQ
tx_0002041,2025-06-18 10:21:12,GOOGL,2927.73,163.0,sell,NASDAQ
tx_0008211,2025-06-18 10:21:13,MSFT,293.59,329.0,sell,NASDAQ
tx_0001465,2025-06-18 10:21:16,DIS,178.01,951.0,sell,NYSE
tx_0000412,2025-06-18 10:21:16,MCD,248.63,631.0,sell,NYSE
tx_0006155,2025-06-18 10:21:18,PEP,,510.0,buy,NYSE
tx_0000404,2025-06-18 10:21:22,GOOGL,2946.91,776.0,buy,NASDAQ
tx_0009325,2025-06-18 10:21:25,PG,142.93,735.0,sell,NYSE
tx_0009272,2025-06-18 10:21:28,FB,329.04,303.0,buy,NASDAQ
tx_0007876,2025-06-18 10:21:29,PG,143.85,785.0,buy,NYSE
tx_0000818,2025-06-18 10:21:31,ADBE,592.32,138.0,buy,NASDAQ
tx_0005672,2025-06-18 10:21:31,PEP,155.47,938.0,sell,NYSE
tx_0009230,2025-06-18 10:21:32,PYPL,254.39,698.0,sell,NASDAQ
tx_0006723,2025-06-18 10:21:36,MA,362.24,90.0,sell,NYSE
tx_0008350,2025-06-18 10:21:38,GOOGL,2957.05,437.0,buy,NASDAQ
tx_0000470,2025-06-18 10:21:38,MCD,246.34,903.0,buy,NYSE
tx_0004927,2025-06-18 10:21:40,WMT,137.18,36.0,sell,NYSE
tx_0004156,2025-06-18 10:21:42,PG,141.63,884.0,buy,NYSE
tx_0005176,2025-06-18 10:21:44,MA,359.94,561.0,sell,NYSE
tx_0005095,2025-06-18 10:21:49,MSFT,293.86,998.0,sell,NASDAQ
tx_0001737,2025-06-18 10:21:50,FB,328.68,467.0,buy,NASDAQ
tx_0008152,2025-06-18 10:21:51,JNJ,173.61,,buy,NYSE
tx_0007869,2025-06-18 10:21:52,WMT,138.55,149.0,buy,NYSE
tx_0003297,2025-06-18 10:21:52,MSFT,291.7,275.0,buy,NASDAQ
tx_0001524,2025-06-18 10:21:53,WMT,138.51,482.0,sell,NYSE
tx_0004911,2025-06-18 10:22:05,FB,329.53,471.0,buy,NASDAQ
tx_0007411,2025-06-18 10:22:07,NVDA,197.69,847.0,sell,NASDAQ
tx_0007086,2025-06-18 10:22:14,WMT,137.1,332.0,sell,NYSE
tx_0001307,2025-06-18 10:22:24,WMT,139.41,807.0,sell,NYSE
tx_0008937,2025-06-18 10:22:27,NFLX,500.84,443.0,sell,NASDAQ
tx_0005283,2025-06-18 10:22:27,AMZN,3555.16,672.0,buy,NASDAQ
tx_0001636,2025-06-18 10:22:36,KO,56.1,624.0,sell,NYSE
tx_0008560,2025-06-18 10:22:38,V,225.09,89.0,sell,NYSE
tx_0008315,2025-06-18 10:22:39,ADBE,597.75,711.0,sell,NASDAQ
tx_0000619,2025-06-18 10:22:39,MA,358.0,131.0,buy,NYSE
tx_0000220,2025-06-18 10:22:39,JNJ,174.86,957.0,buy,NYSE
tx_0008380,2025-06-18 10:22:42,TSLA,711.38,56.0,sell,NASDAQ
tx_0000425,2025-06-18 10:22:46,PG,141.0,918.0,buy,NYSE
tx_0002672,2025-06-18 10:22:48,DIS,176.43,868.0,buy,NYSE
tx_0006450,2025-06-18 10:22:51,BRK.B,288.51,967.0,sell,NYSE
tx_0000276,2025-06-18 10:22:52,BRK.B,288.19,537.0,sell,NYSE
tx_0002601,2025-06-18 10:22:53,BRK.B,288.39,981.0,sell,NYSE
tx_0008495,2025-06-18 10:22:53,MCD,249.15,544.0,buy,NYSE
tx_0006191,2025-06-18 10:22:56,KO,55.46,721.0,sell,NYSE
tx_0002122,2025-06-18 10:23:04,V,222.19,545.0,buy,NYSE
tx_0008127,2025-06-18 10:23:04,PG,140.87,691.0,buy,NYSE
tx_0008271,2025-06-18 10:23:07,BRK.B,284.74,285.0,sell,NYSE
tx_0004815,2025-06-18 10:23:07,PG,141.18,857.0,buy,NYSE
tx_0007461,2025-06-18 10:23:08,NFLX,509.68,902.0,buy,NASDAQ
tx_0000009,2025-06-18 10:23:12,AAPL,147.12,681.0,buy,NASDAQ
tx_0006572,2025-06-18 10:23:14,DIS,175.31,698.0,sell,NYSE
tx_0007350,2025-06-18 10:23:15,MCD,249.61,182.0,sell,NYSE
tx_0001354,2025-06-18 10:23:19,NVDA,194.72,485.0,buy,NASDAQ
tx_0009629,2025-06-18 10:23:19,NVDA,196.85,666.0,buy,NASDAQ
tx_0003255,2025-06-18 10:23:22,KO,56.35,422.0,buy,NYSE
tx_0009451,2025-06-18 10:23:24,FB,330.57,300.0,buy,NASDAQ
tx_0004962,2025-06-18 10:23:27,MCD,248.68,145.0,buy,NYSE
tx_0009446,2025-06-18 10:23:28,MCD,246.61,525.0,buy,NYSE
tx_0009992,2025-06-18 10:23:30,TSLA,708.05,805.0,buy,NASDAQ
tx_0000415,2025-06-18 10:23:31,AMZN,3582.72,409.0,sell,NASDAQ
tx_0000294,2025-06-18 10:23:33,MA,360.09,268.0,sell,NYSE
tx_0003702,2025-06-18 10:23:33,NVDA,195.41,548.0,sell,NASDAQ
tx_0000725,2025-06-18 10:23:42,NVDA,197.25,580.0,sell,NASDAQ
tx_0000318,2025-06-18 10:23:44,BRK.B,285.76,827.0,buy,NYSE
tx_0004244,2025-06-18 10:23:45,AMZN,3581.54,258.0,buy,NASDAQ
tx_0009765,2025-06-18 10:23:52,TSLA,716.42,247.0,buy,NASDAQ
tx_0004280,2025-06-18 10:23:53,AAPL,145.86,950.0,sell,NASDAQ
tx_0007629,2025-06-18 10:23:54,FB,324.16,249.0,sell,NASDAQ
tx_0004465,2025-06-18 10:23:56,NFLX,503.33,55.0,sell,NASDAQ
tx_0000742,2025-06-18 10:23:57,PYPL,255.3,407.0,sell,NASDAQ
tx_0007551,2025-06-18 10:23:58,PYPL,254.68,151.0,buy,NASDAQ
tx_0007324,2025-06-18 10:23:59,WMT,139.58,800.0,sell,NYSE
tx_0004470,2025-06-18 10:24:04,DIS,175.89,8.0,buy,NYSE
tx_0005446,2025-06-18 10:24:07,AAPL,146.44,94.0,sell,NASDAQ
tx_0003802,2025-06-18 10:24:08,BRK.B,289.14,233.0,sell,NYSE
tx_0008082,2025-06-18 10:24:09,MCD,250.17,184.0,buy,NYSE
tx_0007304,2025-06-18 10:24:16,NVDA,195.29,25.0,sell,NASDAQ
tx_0001503,2025-06-18 10:24:17,MA,362.88,323.0,sell,NYSE
tx_0000164,2025-06-18 10:24:18,NVDA,194.42,993.0,sell,NASDAQ
tx_0000935,2025-06-18 10:24:20,MA,360.13,37.0,buy,NYSE
tx_0006766,2025-06-18 10:24:21,PYPL,254.47,621.0,buy,NASDAQ
tx_0000790,2025-06-18 10:24:23,GOOGL,2982.11,445.0,buy,NASDAQ
tx_0004634,2025-06-18 10:24:27,KO,56.07,828.0,buy,
tx_0008447,2025-06-18 10:24:30,BRK.B,285.39,715.0,buy,NYSE
tx_0009790,2025-06-18 10:24:30,GOOGL,2956.41,704.0,sell,NASDAQ
tx_0009814,2025-06-18 10:24:30,AMZN,3566.06,501.0,buy,NASDAQ
tx_0003192,2025-06-18 10:24:34,MSFT,294.48,29.0,sell,NASDAQ
tx_0005054,2025-06-18 10:24:34,V,225.46,518.0,buy,NYSE
tx_0004905,2025-06-18 10:24:34,MA,363.99,795.0,sell,NYSE
tx_0009800,2025-06-18 10:24:38,ADBE,598.5,534.0,buy,NASDAQ
tx_0003872,2025-06-18 10:24:39,ADBE,593.03,912.0,buy,NASDAQ
tx_0002336,2025-06-18 10:24:41,PG,142.19,794.0,sell,NYSE
tx_0000865,2025-06-18 10:24:48,BRK.B,284.19,14.0,sell,NYSE
tx_0004837,2025-06-18 10:24:52,V,223.13,96.0,sell,NYSE
tx_0008678,2025-06-18 10:24:54,TSLA,712.87,690.0,buy,NASDAQ
tx_0004022,2025-06-18 10:24:57,FB,325.43,561.0,buy,NASDAQ
tx_0002243,2025-06-18 10:24:57,MA,364.49,703.0,sell,NYSE
tx_0000467,2025-06-18 10:24:58,WMT,138.84,831.0,sell,NYSE
tx_0007875,2025-06-18 10:24:59,BRK.B,287.03,341.0,sell,NYSE
tx_0007533,2025-06-18 10:24:59,PEP,156.59,212.0,sell,NYSE
tx_0006036,2025-06-18 10:25:06,GOOGL,2937.11,945.0,sell,NASDAQ
tx_0008440,2025-06-18 10:25:08,BRK.B,286.65,701.0,buy,NYSE
tx_0004957,2025-06-18 10:25:11,DIS,177.63,299.0,buy,NYSE
tx_0006708,2025-06-18 10:25:16,V,226.54,523.0,sell,NYSE
tx_0007611,2025-06-18 10:25:16,BRK.B,287.82,850.0,sell,NYSE
tx_0002604,2025-06-18 10:25:17,MSFT,291.81,405.0,buy,NASDAQ
tx_0003574,2025-06-18 10:25:17,PEP,156.97,307.0,sell,NYSE
tx_0005826,2025-06-18 10:25:25,DIS,178.72,892.0,buy,NYSE
tx_0009773,2025-06-18 10:25:27,BRK.B,287.4,933.0,buy,NYSE
tx_0007422,2025-06-18 10:25:27,WMT,137.13,397.0,sell,NYSE
tx_0003293,2025-06-18 10:25:28,PEP,155.35,437.0,buy,NYSE
tx_0008956,2025-06-18 10:25:31,NFLX,514.18,716.0,buy,NASDAQ
tx_0008761,2025-06-18 10:25:31,NFLX,504.36,695.0,sell,NASDAQ
tx_0006419,2025-06-18 10:25:32,KO,55.38,185.0,sell,NYSE
tx_0001869,2025-06-18 10:25:33,GOOGL,2936.89,841.0,buy,NASDAQ
tx_0009166,2025-06-18 10:25:34,TSLA,719.01,981.0,sell,NASDAQ
tx_0003796,2025-06-18 10:25:34,MSFT,293.08,914.0,buy,NASDAQ
tx_0004283,2025-06-18 10:25:37,MA,360.26,915.0,sell,NYSE
tx_0007879,2025-06-18 10:25:37,ADBE,599.91,190.0,buy,NASDAQ
tx_0002327,2025-06-18 10:25:38,MCD,247.1,718.0,buy,NYSE
tx_0007203,2025-06-18 10:25:41,JNJ,174.37,3.0,sell,NYSE
tx_0002639,2025-06-18 10:25:45,V,225.9,324.0,buy,
tx_0007270,2025-06-18 10:25:49,WMT,137.31,291.0,sell,NYSE
tx_0001838,2025-06-18 10:25:49,MCD,247.52,223.0,buy,NYSE
tx_0004811,2025-06-18 10:25:50,ADBE,590.51,695.0,sell,NASDAQ
tx_0005666,2025-06-18 10:25:51,V,222.87,328.0,sell,NYSE
tx_0006754,2025-06-18 10:25:52,ADBE,594.55,533.0,buy,NASDAQ
tx_0007935,2025-06-18 10:25:52,PYPL,252.19,427.0,sell,NASDAQ
tx_0003623,2025-06-18 10:25:54,DIS,176.32,75.0,buy,NYSE
tx_0008139,2025-06-18 10:25:54,NFLX,511.19,589.0,buy,NASDAQ
tx_0002403,2025-06-18 10:25:54,NFLX,509.89,806.0,sell,NASDAQ
tx_0001178,2025-06-18 10:25:55,KO,55.94,362.0,buy,NYSE
tx_0004663,2025-06-18 10:25:58,NFLX,507.77,647.0,buy,NASDAQ
tx_0004196,2025-06-18 10:25:58,MSFT,291.88,341.0,buy,NASDAQ
tx_0000538,2025-06-18 10:26:00,NVDA,193.38,203.0,sell,NASDAQ
tx_0007972,2025-06-18 10:26:07,ADBE,590.58,538.0,buy,NASDAQ
tx_0005973,2025-06-18 10:26:08,WMT,137.22,771.0,sell,NYSE
tx_0003254,2025-06-18 10:26:13,WMT,138.89,481.0,sell,NYSE
tx_0009010,2025-06-18 10:26:17,WMT,138.14,130.0,buy,NYSE
tx_0005068,2025-06-18 10:26:17,NFLX,512.88,551.0,buy,NASDAQ
tx_0000701,2025-06-18 10:26:22,V,224.07,146.0,buy,NYSE
tx_0004725,2025-06-18 10:26:24,V,226.88,722.0,buy,NYSE
tx_0005581,2025-06-18 10:26:24,PEP,155.6,359.0,buy,NYSE
tx_0009868,2025-06-18 10:26:27,GOOGL,2978.22,897.0,buy,NASDAQ
tx_0009474,2025-06-18 10:26:31,AAPL,145.64,43.0,sell,NASDAQ
tx_0003189,2025-06-18 10:26:31,V,225.77,141.0,buy,NYSE
tx_0008964,2025-06-18 10:26:31,MCD,246.19,806.0,sell,NYSE
tx_0008609,2025-06-18 10:26:32,MA,364.75,555.0,buy,NYSE
tx_0002881,2025-06-18 10:26:33,PEP,155.63,319.0,sell,NYSE
tx_0007396,2025-06-18 10:26:34,ADBE,593.81,726.0,sell,NASDAQ
tx_0004128,2025-06-18 10:26:35,DIS,175.05,542.0,buy,NYSE
tx_0003174,2025-06-18 10:26:35,BRK.B,288.99,61.0,buy,NYSE
tx_0003345,2025-06-18 10:26:39,GOOGL,2932.82,821.0,buy,NASDAQ
tx_0004691,2025-06-18 10:26:41,BRK.B,287.91,956.0,buy,NYSE
tx_0007868,2025-06-18 10:26:42,PYPL,250.52,973.0,sell,NASDAQ
tx_0004067,2025-06-18 10:26:43,ADBE,597.6,151.0,buy,NASDAQ
tx_0009877,2025-06-18 10:26:45,WMT,139.38,433.0,buy,NYSE
tx_0002935,2025-06-18 10:26:45,AMZN,3579.03,147.0,sell,NASDAQ
tx_0003750,2025-06-18 10:26:52,MCD,244.04,826.0,sell,NYSE
tx_0001617,2025-06-18 10:26:58,AAPL,146.84,16.0,sell,NASDAQ
tx_0008919,2025-06-18 10:27:01,ADBE,594.8,604.0,sell,NASDAQ
tx_0003179,2025-06-18 10:27:03,PYPL,250.97,461.0,buy,NASDAQ
tx_0002112,2025-06-18 10:27:07,BRK.B,287.38,751.0,buy,NYSE
tx_0002481,2025-06-18 10:27:07,BRK.B,288.75,920.0,buy,
tx_0003070,2025-06-18 10:27:07,NFLX,504.5,415.0,sell,NASDAQ
tx_0003415,2025-06-18 10:27:09,WMT,138.07,511.0,buy,NYSE
tx_0003751,2025-06-18 10:27:22,WMT,139.57,668.0,sell,NYSE
tx_0003454,2025-06-18 10:27:23,DIS,175.56,28.0,buy,NYSE
tx_0004434,2025-06-18 10:27:26,DIS,178.11,452.0,sell,NYSE
tx_0000050,2025-06-18 10:27:28,NFLX,506.6,600.0,buy,NASDAQ
tx_0007157,2025-06-18 10:27:29,MA,363.4,495.0,sell,NYSE
tx_0005573,2025-06-18 10:27:30,TSLA,713.18,271.0,sell,NASDAQ
tx_0004867,2025-06-18 10:27:31,ADBE,597.72,783.0,sell,NASDAQ
tx_0006834,2025-06-18 10:27:33,AMZN,3576.11,912.0,sell,NASDAQ
tx_0001729,2025-06-18 10:27:42,WMT,138.42,528.0,sell,NYSE
tx_0007337,2025-06-18 10:27:43,JNJ,177.6,641.0,sell,NYSE
tx_0002653,2025-06-18 10:27:45,JNJ,175.4,651.0,buy,NYSE
tx_0007079,2025-06-18 10:27:49,GOOGL,2950.37,1.0,buy,NASDAQ
tx_0004411,2025-06-18 10:27:50,PG,142.31,918.0,buy,NYSE
tx_0004541,2025-06-18 10:27:52,WMT,136.63,423.0,buy,NYSE
tx_0001037,2025-06-18 10:27:53,ADBE,589.84,21.0,buy,NASDAQ
tx_0009723,2025-06-18 10:27:59,AMZN,3596.19,927.0,sell,NASDAQ
tx_0001469,2025-06-18 10:28:00,PG,142.63,163.0,buy,NYSE
tx_0007638,2025-06-18 10:28:04,ADBE,592.4,791.0,buy,NASDAQ
tx_0009852,2025-06-18 10:28:05,NFLX,510.61,126.0,sell,NASDAQ
tx_0001676,2025-06-18 10:28:06,AAPL,148.27,315.0,buy,NASDAQ
tx_0003134,2025-06-18 10:28:10,V,226.79,597.0,buy,NYSE
tx_0007867,2025-06-18 10:28:12,FB,330.67,84.0,buy,NASDAQ
tx_0000197,2025-06-18 10:28:14,MSFT,292.78,766.0,sell,NASDAQ
tx_0009584,2025-06-18 10:28:15,FB,329.41,115.0,buy,NASDAQ
tx_0002547,2025-06-18 10:28:17,PYPL,250.37,483.0,sell,NASDAQ
tx_0005547,2025-06-18 10:28:22,KO,55.41,118.0,sell,NYSE
tx_0005648,2025-06-18 10:28:29,GOOGL,2934.96,489.0,sell,NASDAQ
tx_0003645,2025-06-18 10:28:30,FB,330.03,747.0,buy,NASDAQ
tx_0007425,2025-06-18 10:28:31,AMZN,3555.26,721.0,sell,NASDAQ
tx_0000979,2025-06-18 10:28:31,BRK.B,285.63,127.0,sell,NYSE
tx_0003397,2025-06-18 10:28:35,BRK.B,282.66,838.0,sell,NYSE
tx_0005782,2025-06-18 10:28:36,V,226.13,618.0,sell,NYSE
tx_0001236,2025-06-18 10:28:37,MSFT,287.01,473.0,buy,NASDAQ
tx_0007294,2025-06-18 10:28:37,MCD,246.7,875.0,sell,NYSE
tx_0001324,2025-06-18 10:28:38,MCD,244.91,653.0,sell,NYSE
tx_0002628,2025-06-18 10:28:42,GOOGL,2942.94,950.0,buy,NASDAQ
tx_0006508,2025-06-18 10:28:44,PYPL,251.65,35.0,buy,NASDAQ
tx_0008396,2025-06-18 10:28:45,GOOGL,2934.23,775.0,buy,NASDAQ
tx_0002807,2025-06-18 10:28:47,PYPL,247.95,969.0,buy,NASDAQ
tx_0004914,2025-06-18 10:28:50,BRK.B,283.4,130.0,buy,NYSE
tx_0000207,2025-06-18 10:28:50,PYPL,252.41,769.0,sell,NASDAQ
tx_0000855,2025-06-18 10:28:54,DIS,176.02,934.0,sell,NYSE
tx_0008348,2025-06-18 10:28:55,V,223.33,495.0,buy,NYSE
tx_0004029,2025-06-18 10:28:55,PG,139.65,420.0,buy,NYSE
tx_0006287,2025-06-18 10:28:59,PG,139.92,244.0,buy,NYSE
tx_0000990,2025-06-18 10:29:02,ADBE,595.78,527.0,buy,NASDAQ
tx_0009683,2025-06-18 10:29:02,DIS,177.01,849.0,buy,NYSE
tx_0009839,2025-06-18 10:29:05,MCD,248.42,88.0,sell,NYSE
tx_0006630,2025-06-18 10:29:05,AAPL,148.42,627.0,buy,NASDAQ
tx_0006893,2025-06-18 10:29:06,DIS,176.41,760.0,buy,NYSE
tx_0002462,2025-06-18 10:29:08,NFLX,507.31,206.0,buy,NASDAQ
tx_0006784,2025-06-18 10:29:09,JNJ,176.62,33.0,buy,NYSE
tx_0002693,2025-06-18 10:29:10,TSLA,713.36,732.0,sell,NASDAQ
tx_0008905,2025-06-18 10:29:17,WMT,138.77,369.0,buy,NYSE
tx_0002652,2025-06-18 10:29:23,MA,359.96,603.0,buy,NYSE
tx_0001890,2025-06-18 10:29:27,NVDA,195.39,689.0,buy,NASDAQ
tx_0000704,2025-06-18 10:29:28,V,224.78,133.0,buy,NYSE
tx_0003221,2025-06-18 10:29:31,NVDA,195.69,424.0,sell,NASDAQ
tx_0009939,2025-06-18 10:29:34,AAPL,146.77,455.0,sell,NASDAQ
tx_0005151,2025-06-18 10:29:35,MSFT,286.61,876.0,sell,
tx_0006978,2025-06-18 10:29:36,MCD,245.54,315.0,buy,NYSE
tx_0009177,2025-06-18 10:29:36,KO,55.71,57.0,sell,NYSE
tx_0008418,2025-06-18 10:29:36,GOOGL,2955.76,723.0,sell,NASDAQ
tx_0004451,2025-06-18 10:29:37,V,226.37,122.0,sell,NYSE
tx_0007119,2025-06-18 10:29:38,AAPL,148.35,810.0,buy,NASDAQ
tx_0006277,2025-06-18 10:29:40,PEP,157.53,446.0,buy,NYSE
tx_0006348,2025-06-18 10:29:42,FB,329.92,325.0,buy,NASDAQ
tx_0002039,2025-06-18 10:29:42,PYPL,249.21,92.0,sell,NASDAQ
tx_0000170,2025-06-18 10:29:44,BRK.B,285.79,625.0,sell,NYSE
tx_0008737,2025-06-18 10:29:46,MSFT,288.1,808.0,buy,NASDAQ
tx_0004841,2025-06-18 10:29:49,BRK.B,285.87,991.0,buy,NYSE
tx_0007369,2025-06-18 10:30:00,NFLX,504.48,374.0,buy,NASDAQ
tx_0000768,2025-06-18 10:30:01,PYPL,249.46,698.0,buy,NASDAQ
tx_0007292,2025-06-18 10:30:04,PEP,158.57,175.0,sell,NYSE
tx_0005783,2025-06-18 10:30:10,KO,54.98,237.0,sell,NYSE
tx_0008689,2025-06-18 10:30:14,TSLA,717.97,620.0,sell,NASDAQ
tx_0009183,2025-06-18 10:30:16,MA,362.52,633.0,buy,NYSE
tx_0001379,2025-06-18 10:30:23,MSFT,289.66,381.0,sell,NASDAQ
tx_0001331,2025-06-18 10:30:24,KO,55.86,640.0,sell,NYSE
tx_0004396,2025-06-18 10:30:24,PG,139.09,422.0,buy,NYSE
tx_0004210,2025-06-18 10:30:26,JNJ,178.04,886.0,buy,NYSE
tx_0000522,2025-06-18 10:30:32,PEP,156.72,198.0,sell,NYSE
tx_0009382,2025-06-18 10:30:32,KO,55.33,30.0,sell,NYSE
tx_0004959,2025-06-18 10:30:35,V,,528.0,buy,NYSE
tx_0002421,2025-06-18 10:30:36,V,224.05,231.0,buy,NYSE
tx_0005020,2025-06-18 10:30:44,KO,54.92,30.0,buy,NYSE
tx_0005806,2025-06-18 10:30:50,NVDA,196.55,5.0,sell,NASDAQ
tx_0003538,2025-06-18 10:30:52,TSLA,712.14,231.0,buy,NASDAQ
tx_0002156,2025-06-18 10:30:53,ADBE,594.59,449.0,buy,NASDAQ
tx_0007621,2025-06-18 10:30:54,WMT,139.56,950.0,sell,NYSE
tx_0001008,2025-06-18 10:30:58,AMZN,3597.23,509.0,buy,NASDAQ
tx_0000920,2025-06-18 10:31:01,NVDA,196.16,740.0,buy,NASDAQ
tx_0006800,2025-06-18 10:31:03,BRK.B,287.63,889.0,buy,NYSE
tx_0000360,2025-06-18 10:31:08,PEP,155.63,200.0,sell,NYSE
tx_0007322,2025-06-18 10:31:12,JNJ,176.65,387.0,buy,NYSE
tx_0002578,2025-06-18 10:31:13,NFLX,510.74,48.0,buy,NASDAQ
tx_0008840,2025-06-18 10:31:13,FB,330.19,914.0,buy,NASDAQ
tx_0008280,2025-06-18 10:31:14,PG,140.75,977.0,buy,NYSE
tx_0003542,2025-06-18 10:31:21,MCD,247.53,572.0,buy,NYSE
tx_0000372,2025-06-18 10:31:23,NVDA,195.45,469.0,buy,NASDAQ
tx_0001090,2025-06-18 10:31:26,ADBE,603.28,344.0,sell,NASDAQ
tx_0007692,2025-06-18 10:31:29,DIS,175.75,264.0,buy,NYSE
tx_0001760,2025-06-18 10:31:34,KO,54.91,344.0,sell,NYSE
tx_0009843,2025-06-18 10:31:34,ADBE,593.51,898.0,buy,NASDAQ
tx_0008589,2025-06-18 10:31:37,MA,363.28,353.0,sell,NYSE
tx_0000869,2025-06-18 10:31:37,JNJ,178.08,916.0,sell,NYSE
tx_0008548,2025-06-18 10:31:38,BRK.B,287.44,515.0,buy,NYSE
tx_0001632,2025-06-18 10:31:39,NVDA,195.08,283.0,sell,NASDAQ
tx_0000537,2025-06-18 10:31:51,PYPL,251.06,40.0,sell,NASDAQ
tx_0008218,2025-06-18 10:31:53,MA,360.47,537.0,buy,NYSE
tx_0007680,2025-06-18 10:31:56,MSFT,287.86,792.0,sell,NASDAQ
tx_0009733,2025-06-18 10:31:56,WMT,138.04,201.0,sell,NYSE
tx_0000084,2025-06-18 10:31:57,PG,140.6,957.0,buy,NYSE
tx_0006362,2025-06-18 10:31:57,BRK.B,285.44,189.0,buy,NYSE
tx_0001978,2025-06-18 10:32:01,DIS,175.13,867.0,sell,NYSE
tx_0009485,2025-06-18 10:32:02,WMT,139.39,432.0,sell,NYSE
tx_0005827,2025-06-18 10:32:04,TSLA,715.61,552.0,sell,NASDAQ
tx_0005109,2025-06-18 10:32:06,KO,55.06,694.0,buy,NYSE
tx_0009348,2025-06-18 10:32:06,NFLX,501.84,552.0,sell,NASDAQ
tx_0001590,2025-06-18 10:32:14,MA,360.64,342.0,sell,NYSE
tx_0008792,2025-06-18 10:32:14,BRK.B,286.81,774.0,sell,NYSE
tx_0009994,2025-06-18 10:32:20,AAPL,149.72,730.0,sell,NASDAQ
tx_0003952,2025-06-18 10:32:32,MCD,249.76,934.0,sell,NYSE
tx_0007690,2025-06-18 10:32:34,PG,139.67,110.0,sell,NYSE
tx_0007260,2025-06-18 10:32:40,NVDA,196.28,469.0,buy,NASDAQ
tx_0007306,2025-06-18 10:32:46,WMT,138.41,838.0,buy,NYSE
tx_0004226,2025-06-18 10:32:50,NVDA,197.05,415.0,sell,NASDAQ
tx_0009793,2025-06-18 10:32:51,BRK.B,284.52,398.0,buy,
tx_0006241,2025-06-18 10:32:58,AMZN,3560.91,270.0,sell,NASDAQ
tx_0007062,2025-06-18 10:33:01,TSLA,725.74,311.0,sell,NASDAQ
tx_0008435,2025-06-18 10:33:10,MCD,246.32,12.0,buy,NYSE
tx_0009416,2025-06-18 10:33:11,AMZN,3512.67,260.0,buy,NASDAQ
tx_0002170,2025-06-18 10:33:11,DIS,176.96,925.0,buy,NYSE
tx_0003510,2025-06-18 10:33:11,MA,365.04,546.0,sell,NYSE
tx_0004107,2025-06-18 10:33:12,NFLX,504.39,351.0,buy,NASDAQ
tx_0007201,2025-06-18 10:33:13,FB,332.8,718.0,buy,NASDAQ
tx_0007944,2025-06-18 10:33:14,TSLA,723.07,866.0,buy,NASDAQ
tx_0002816,2025-06-18 10:33:16,PEP,158.09,295.0,sell,NYSE
tx_0006440,2025-06-18 10:33:17,KO,55.59,844.0,buy,NYSE
tx_0009531,2025-06-18 10:33:20,FB,336.03,575.0,sell,NASDAQ
tx_0007397,2025-06-18 10:33:22,V,226.0,176.0,sell,NYSE
tx_0006170,2025-06-18 10:33:26,ADBE,595.81,307.0,sell,NASDAQ
tx_0002860,2025-06-18 10:33:27,AAPL,147.11,111.0,buy,NASDAQ
tx_0000544,2025-06-18 10:33:32,ADBE,597.73,396.0,buy,NASDAQ
tx_0004376,2025-06-18 10:33:33,AMZN,3538.92,115.0,sell,NASDAQ
tx_0009925,2025-06-18 10:33:37,AAPL,148.82,307.0,buy,NASDAQ
tx_0008592,2025-06-18 10:33:39,JNJ,177.67,186.0,sell,NYSE
tx_0002264,2025-06-18 10:33:46,AAPL,147.44,105.0,sell,NASDAQ
tx_0008927,2025-06-18 10:33:49,WMT,138.5,842.0,sell,NYSE
tx_0002151,2025-06-18 10:33:51,DIS,176.18,607.0,sell,NYSE
tx_0001206,2025-06-18 10:33:54,NVDA,196.81,313.0,buy,NASDAQ
tx_0004134,2025-06-18 10:33:57,JNJ,177.03,794.0,sell,NYSE
tx_0001560,2025-06-18 10:33:58,NFLX,501.91,381.0,buy,NASDAQ
tx_0008489,2025-06-18 10:33:59,ADBE,589.56,427.0,buy,NASDAQ
tx_0007626,2025-06-18 10:34:01,MCD,249.3,655.0,sell,NYSE
tx_0007674,2025-06-18 10:34:01,NFLX,508.19,120.0,buy,NASDAQ
tx_0003082,2025-06-18 10:34:03,FB,332.89,987.0,buy,NASDAQ
tx_0002107,2025-06-18 10:34:08,MA,362.33,339.0,sell,NYSE
tx_0009161,2025-06-18 10:34:11,PEP,158.29,367.0,buy,NYSE
tx_0001637,2025-06-18 10:34:13,KO,55.56,660.0,sell,NYSE
tx_0009435,2025-06-18 10:34:18,MCD,246.05,585.0,buy,NYSE
tx_0007149,2025-06-18 10:34:22,PG,141.43,262.0,sell,
tx_0000071,2025-06-18 10:34:28,NFLX,507.0,627.0,buy,NASDAQ
tx_0009810,2025-06-18 10:34:31,MCD,244.51,195.0,sell,NYSE
tx_0005950,2025-06-18 10:34:39,TSLA,728.41,943.0,sell,NASDAQ
tx_0007535,2025-06-18 10:34:39,MSFT,285.38,867.0,buy,NASDAQ
tx_0005822,2025-06-18 10:34:43,PYPL,248.17,203.0,buy,NASDAQ
tx_0003528,2025-06-18 10:34:46,PYPL,252.98,850.0,buy,NASDAQ
tx_0005333,2025-06-18 10:34:49,NFLX,506.94,456.0,sell,NASDAQ
tx_0004227,2025-06-18 10:34:52,V,226.0,285.0,buy,NYSE
tx_0004904,2025-06-18 10:34:54,PYPL,252.81,660.0,sell,NASDAQ
tx_0002840,2025-06-18 10:34:54,MA,365.6,872.0,sell,NYSE
tx_0000148,2025-06-18 10:34:55,KO,55.91,385.0,sell,NYSE
tx_0001908,2025-06-18 10:35:05,MA,365.73,543.0,buy,NYSE
tx_0003361,2025-06-18 10:35:07,AMZN,3585.38,806.0,sell,NASDAQ
tx_0008199,2025-06-18 10:35:15,NVDA,194.18,387.0,buy,NASDAQ
tx_0009191,2025-06-18 10:35:16,DIS,176.81,,sell,NYSE
tx_0001844,2025-06-18 10:35:17,TSLA,722.21,826.0,buy,NASDAQ
tx_0001142,2025-06-18 10:35:17,ADBE,592.66,140.0,sell,NASDAQ
tx_0002894,2025-06-18 10:35:20,NFLX,510.69,755.0,buy,NASDAQ
tx_0004832,2025-06-18 10:35:21,MCD,246.09,155.0,sell,NYSE
tx_0002482,2025-06-18 10:35:25,FB,332.98,747.0,buy,NASDAQ
tx_0007731,2025-06-18 10:35:27,ADBE,594.55,33.0,buy,NASDAQ
tx_0002589,2025-06-18 10:35:30,WMT,138.25,851.0,buy,NYSE
tx_0008872,2025-06-18 10:35:31,AAPL,149.42,367.0,sell,NASDAQ
tx_0006542,2025-06-18 10:35:39,AMZN,3530.02,40.0,buy,NASDAQ
tx_0006417,2025-06-18 10:35:41,BRK.B,289.81,334.0,buy,NYSE
tx_0007610,2025-06-18 10:35:42,TSLA,726.56,582.0,sell,NASDAQ
tx_0007211,2025-06-18 10:35:46,AAPL,150.53,502.0,buy,NASDAQ
tx_0001494,2025-06-18 10:35:46,DIS,178.26,18.0,buy,NYSE
tx_0005679,2025-06-18 10:35:49,KO,55.44,839.0,sell,NYSE
tx_0008320,2025-06-18 10:35:50,MSFT,289.7,340.0,sell,NASDAQ
tx_0004422,2025-06-18 10:35:51,AMZN,3550.97,679.0,buy,NASDAQ
tx_0004764,2025-06-18 10:35:52,PYPL,249.08,764.0,buy,NASDAQ
tx_0000165,2025-06-18 10:35:52,AMZN,3558.98,762.0,buy,NASDAQ
tx_0002426,2025-06-18 10:36:01,BRK.B,286.5,267.0,sell,NYSE
tx_0000622,2025-06-18 10:36:02,WMT,136.61,419.0,sell,NYSE
tx_0005399,2025-06-18 10:36:03,FB,337.79,312.0,buy,NASDAQ
tx_0009964,2025-06-18 10:36:06,NFLX,505.85,543.0,buy,NASDAQ
tx_0006625,2025-06-18 10:36:07,WMT,138.2,430.0,buy,NYSE
tx_0006986,2025-06-18 10:36:10,TSLA,725.78,250.0,buy,NASDAQ
tx_0002387,2025-06-18 10:36:10,TSLA,719.12,677.0,buy,NASDAQ
tx_0000047,2025-06-18 10:36:11,NFLX,511.24,107.0,sell,NASDAQ
tx_0002834,2025-06-18 10:36:12,WMT,137.16,540.0,sell,NYSE
tx_0009447,2025-06-18 10:36:15,AMZN,3527.55,547.0,,NASDAQ
tx_0002026,2025-06-18 10:36:17,FB,336.36,230.0,buy,NASDAQ
tx_0005518,2025-06-18 10:36:27,MCD,244.33,587.0,sell,NYSE
tx_0006844,2025-06-18 10:36:29,PYPL,249.27,373.0,sell,NASDAQ
tx_0002823,2025-06-18 10:36:31,FB,334.9,982.0,buy,NASDAQ
tx_0004878,2025-06-18 10:36:31,FB,332.28,,buy,NASDAQ
tx_0005216,2025-06-18 10:36:32,TSLA,725.0,549.0,sell,NASDAQ
tx_0008603,2025-06-18 10:36:36,PG,140.13,114.0,buy,NYSE
tx_0006699,2025-06-18 10:36:37,DIS,175.93,542.0,buy,NYSE
tx_0009676,2025-06-18 10:36:40,BRK.B,287.7,115.0,sell,NYSE
tx_0002469,2025-06-18 10:36:41,TSLA,722.67,12.0,buy,NASDAQ
tx_0006269,2025-06-18 10:36:41,AAPL,148.41,288.0,buy,NASDAQ
tx_0001036,2025-06-18 10:36:43,BRK.B,286.83,398.0,buy,NYSE
tx_0001204,2025-06-18 10:36:45,PG,141.08,320.0,sell,NYSE
tx_0002422,2025-06-18 10:36:46,JNJ,177.2,133.0,sell,NYSE
tx_0001871,2025-06-18 10:36:46,NVDA,195.5,778.0,sell,NASDAQ
tx_0006653,2025-06-18 10:36:47,TSLA,716.72,469.0,buy,NASDAQ
tx_0006441,2025-06-18 10:36:49,ADBE,597.74,71.0,sell,NASDAQ
tx_0008429,2025-06-18 10:36:50,V,223.16,631.0,sell,NYSE
tx_0004276,2025-06-18 10:36:50,MCD,242.54,437.0,sell,NYSE
tx_0004110,2025-06-18 10:36:51,PEP,156.87,589.0,buy,NYSE
