transaction_id,timestamp,stock_symbol,price,quantity,order_type,exchange
tx_0007883,2025-06-13 09:30:03,ADBE,595.04,231,buy,NASDAQ
tx_0009291,2025-06-13 09:30:05,PYPL,251.27,380,sell,NASDAQ
tx_0003462,2025-06-13 09:30:06,PG,,450,sell,NYSE
tx_0002517,2025-06-13 09:30:08,DIS,179.43,548,buy,NYSE
tx_0000354,2025-06-13 09:30:08,PYPL,249.25,804,sell,NASDAQ
tx_0008360,2025-06-13 09:30:13,NVDA,198.12,599,buy,NASDAQ
tx_0000729,2025-06-13 09:30:14,DIS,180.05,273,buy,NYSE
tx_0005831,2025-06-13 09:30:16,MCD,250.49,487,sell,NYSE
tx_0005292,2025-06-13 09:30:19,NFLX,498.14,970,buy,NASDAQ
tx_0003450,2025-06-13 09:30:20,KO,55.15,774,buy,NYSE
tx_0000936,2025-06-13 09:30:22,BRK.B,280.43,962,sell,NYSE
tx_0004223,2025-06-13 09:30:22,FB,328.56,799,sell,NASDAQ
tx_0000804,2025-06-13 09:30:22,PEP,148.53,239,buy,NYSE
tx_0003236,2025-06-13 09:30:23,TSLA,706.65,782,sell,NASDAQ
tx_0006274,2025-06-13 09:30:23,DIS,178.48,985,buy,NYSE
tx_0002150,2025-06-13 09:30:24,TSLA,699.36,769,buy,NASDAQ
tx_0002788,2025-06-13 09:30:24,ADBE,598.41,119,sell,NASDAQ
tx_0007969,2025-06-13 09:30:28,PYPL,249.87,857,buy,NASDAQ
tx_0003756,2025-06-13 09:30:33,PG,138.98,700,buy,NYSE
tx_0000189,2025-06-13 09:30:33,MCD,249.28,246,sell,NYSE
tx_0007934,2025-06-13 09:30:34,WMT,138.26,958,sell,NYSE
tx_0003020,2025-06-13 09:30:39,WMT,140.14,490,sell,NYSE
tx_0000766,2025-06-13 09:30:39,GOOGL,2822.19,293,buy,NASDAQ
tx_0003932,2025-06-13 09:30:45,MCD,249.62,582,buy,NYSE
tx_0001087,2025-06-13 09:30:49,AAPL,150.97,779,buy,NASDAQ
tx_0008101,2025-06-13 09:30:49,AMZN,3517.16,363,buy,NASDAQ
tx_0007471,2025-06-13 09:30:51,PG,141.58,965,buy,NYSE
tx_0000817,2025-06-13 09:30:51,MSFT,299.91,887,sell,NASDAQ
tx_0007504,2025-06-13 09:30:54,NFLX,505.79,258,buy,NASDAQ
tx_0006957,2025-06-13 09:30:54,FB,327.91,600,buy,NASDAQ
tx_0002032,2025-06-13 09:30:55,PYPL,249.82,388,buy,NASDAQ
tx_0009276,2025-06-13 09:30:56,AMZN,3464.13,293,buy,NASDAQ
tx_0004411,2025-06-13 09:30:56,GOOGL,2825.63,157,sell,NASDAQ
tx_0006114,2025-06-13 09:30:57,FB,330.09,124,buy,NASDAQ
tx_0010000,2025-06-13 09:31:06,PEP,149.01,314,sell,NYSE
tx_0009885,2025-06-13 09:31:15,V,217.63,1000,buy,NYSE
tx_0007010,2025-06-13 09:31:17,AMZN,3526.07,119,sell,NASDAQ
tx_0009386,2025-06-13 09:31:17,AAPL,150.4,436,sell,NASDAQ
tx_0008023,2025-06-13 09:31:19,PEP,149.85,796,sell,NYSE
tx_0007872,2025-06-13 09:31:21,AAPL,148.55,695,buy,
tx_0003217,2025-06-13 09:31:22,JNJ,167.9,925,sell,NYSE
tx_0002442,2025-06-13 09:31:22,ADBE,596.93,562,buy,NASDAQ
tx_0007814,2025-06-13 09:31:22,BRK.B,281.19,541,buy,NYSE
tx_0009708,2025-06-13 09:31:23,NFLX,505.35,439,buy,NASDAQ
tx_0001895,2025-06-13 09:31:25,GOOGL,2799.48,790,sell,NASDAQ
tx_0008328,2025-06-13 09:31:29,NVDA,199.55,248,sell,NASDAQ
tx_0002816,2025-06-13 09:31:35,NFLX,496.87,663,buy,NASDAQ
tx_0005559,2025-06-13 09:31:43,AAPL,149.11,515,buy,NASDAQ
tx_0003244,2025-06-13 09:31:47,FB,330.9,988,sell,NASDAQ
tx_0001399,2025-06-13 09:31:51,AAPL,151.52,950,buy,NASDAQ
tx_0003685,2025-06-13 09:31:52,JNJ,168.55,564,buy,NYSE
tx_0008279,2025-06-13 09:32:03,PYPL,247.8,489,buy,NASDAQ
tx_0007734,2025-06-13 09:32:05,DIS,181.77,914,sell,NYSE
tx_0000356,2025-06-13 09:32:06,MCD,250.27,239,sell,NYSE
tx_0001071,2025-06-13 09:32:12,AMZN,3520.81,123,sell,NASDAQ
tx_0007971,2025-06-13 09:32:17,NVDA,201.29,311,sell,NASDAQ
tx_0006657,2025-06-13 09:32:18,PEP,149.35,829,sell,NYSE
tx_0003951,2025-06-13 09:32:18,PYPL,249.44,959,sell,NASDAQ
tx_0005120,2025-06-13 09:32:23,BRK.B,278.78,513,sell,NYSE
tx_0002019,2025-06-13 09:32:26,NFLX,498.8,634,sell,NASDAQ
tx_0001107,2025-06-13 09:32:28,PEP,148.26,896,sell,NYSE
tx_0004903,2025-06-13 09:32:34,GOOGL,2793.38,385,sell,NASDAQ
tx_0004924,2025-06-13 09:32:36,JNJ,169.75,709,buy,NYSE
tx_0004863,2025-06-13 09:32:38,PYPL,247.32,648,sell,NASDAQ
tx_0008038,2025-06-13 09:32:41,JNJ,168.65,415,sell,NYSE
tx_0009988,2025-06-13 09:32:44,ADBE,597.46,558,buy,NASDAQ
tx_0004603,2025-06-13 09:32:48,TSLA,705.72,378,buy,NASDAQ
tx_0001136,2025-06-13 09:32:49,DIS,182.28,494,buy,NYSE
tx_0005334,2025-06-13 09:32:56,JNJ,171.27,360,buy,NYSE
tx_0002310,2025-06-13 09:33:00,GOOGL,2799.22,199,sell,NASDAQ
tx_0003638,2025-06-13 09:33:04,MSFT,302.63,459,buy,NASDAQ
tx_0000987,2025-06-13 09:33:04,FB,332.7,944,sell,NASDAQ
tx_0007854,2025-06-13 09:33:07,PG,141.54,475,sell,NYSE
tx_0004125,2025-06-13 09:33:08,GOOGL,2773.31,256,sell,NASDAQ
tx_0005814,2025-06-13 09:33:12,PYPL,250.37,933,buy,NASDAQ
tx_0008983,2025-06-13 09:33:24,JNJ,171.3,605,buy,NYSE
tx_0005206,2025-06-13 09:33:26,MSFT,302.87,972,sell,NASDAQ
tx_0000479,2025-06-13 09:33:34,PG,142.28,333,sell,NYSE
tx_0008658,2025-06-13 09:33:35,WMT,140.19,514,buy,NYSE
tx_0002359,2025-06-13 09:33:38,PEP,149.54,621,buy,NYSE
tx_0001583,2025-06-13 09:33:43,JNJ,171.81,213,buy,NYSE
tx_0007125,2025-06-13 09:33:45,TSLA,709.5,391,sell,NASDAQ
tx_0004126,2025-06-13 09:33:45,AMZN,3505.19,347,sell,NASDAQ
tx_0006042,2025-06-13 09:33:47,AMZN,3522.2,896,sell,NASDAQ
tx_0005525,2025-06-13 09:33:50,NFLX,495.67,875,buy,NASDAQ
tx_0007531,2025-06-13 09:33:52,PYPL,249.73,334,sell,NASDAQ
tx_0002266,2025-06-13 09:34:02,PEP,149.15,165,sell,NYSE
tx_0004431,2025-06-13 09:34:03,MA,351.64,900,buy,NYSE
tx_0006301,2025-06-13 09:34:06,NVDA,198.93,778,buy,NASDAQ
tx_0003063,2025-06-13 09:34:08,TSLA,705.22,317,sell,NASDAQ
tx_0004555,2025-06-13 09:34:09,MCD,249.15,318,sell,NYSE
tx_0000056,2025-06-13 09:34:12,FB,330.27,180,sell,NASDAQ
tx_0001227,2025-06-13 09:34:14,MSFT,303.47,901,buy,NASDAQ
tx_0005216,2025-06-13 09:34:14,GOOGL,2774.13,419,sell,NASDAQ
tx_0009833,2025-06-13 09:34:17,GOOGL,2823.7,161,sell,NASDAQ
tx_0002126,2025-06-13 09:34:19,PYPL,247.73,542,sell,NASDAQ
tx_0003185,2025-06-13 09:34:20,KO,55.91,799,buy,NYSE
tx_0003995,2025-06-13 09:34:22,PEP,149.32,879,buy,NYSE
tx_0000617,2025-06-13 09:34:25,GOOGL,2815.46,442,buy,NASDAQ
tx_0002603,2025-06-13 09:34:28,PYPL,250.15,233,sell,NASDAQ
tx_0005955,2025-06-13 09:34:38,PG,141.1,451,sell,NYSE
tx_0006279,2025-06-13 09:34:38,TSLA,698.26,834,sell,NASDAQ
tx_0009297,2025-06-13 09:34:39,ADBE,605.49,181,sell,NASDAQ
tx_0002215,2025-06-13 09:34:39,JNJ,170.38,827,buy,NYSE
tx_0000712,2025-06-13 09:34:44,JNJ,172.21,679,sell,NYSE
tx_0005898,2025-06-13 09:34:49,BRK.B,278.22,682,buy,NYSE
tx_0000879,2025-06-13 09:34:50,GOOGL,2769.38,886,buy,NASDAQ
tx_0003140,2025-06-13 09:34:53,FB,332.09,369,buy,NASDAQ
tx_0002397,2025-06-13 09:34:55,AMZN,3501.08,772,buy,NASDAQ
tx_0004781,2025-06-13 09:35:00,NFLX,498.07,371,sell,
tx_0008737,2025-06-13 09:35:01,FB,330.04,888,buy,NASDAQ
tx_0003120,2025-06-13 09:35:02,DIS,180.89,314,buy,NYSE
tx_0007630,2025-06-13 09:35:03,MCD,250.69,799,sell,NYSE
tx_0001851,2025-06-13 09:35:04,TSLA,698.11,294,buy,NASDAQ
tx_0005453,2025-06-13 09:35:05,JNJ,171.14,266,sell,NYSE
tx_0005246,2025-06-13 09:35:09,MSFT,296.93,582,sell,NASDAQ
tx_0005662,2025-06-13 09:35:11,V,219.3,959,sell,NYSE
tx_0001714,2025-06-13 09:35:12,AMZN,3541.02,104,buy,NASDAQ
tx_0006151,2025-06-13 09:35:13,BRK.B,278.6,236,buy,NYSE
tx_0007131,2025-06-13 09:35:16,KO,55.81,815,buy,NYSE
tx_0001541,2025-06-13 09:35:17,V,219.24,115,buy,NYSE
tx_0002003,2025-06-13 09:35:18,ADBE,602.22,383,sell,NASDAQ
tx_0003303,2025-06-13 09:35:18,PEP,148.05,631,sell,NYSE
tx_0003143,2025-06-13 09:35:21,ADBE,598.97,264,sell,NASDAQ
tx_0005332,2025-06-13 09:35:28,TSLA,698.7,876,sell,NASDAQ
tx_0003521,2025-06-13 09:35:29,MSFT,301.65,741,sell,NASDAQ
tx_0005251,2025-06-13 09:35:30,TSLA,701.22,667,sell,NASDAQ
tx_0000447,2025-06-13 09:35:31,MSFT,298.84,438,buy,NASDAQ
tx_0006242,2025-06-13 09:35:35,ADBE,610.16,261,buy,NASDAQ
tx_0004876,2025-06-13 09:35:39,MA,353.07,691,buy,NYSE
tx_0007427,2025-06-13 09:35:39,MCD,248.44,451,sell,NYSE
tx_0008422,2025-06-13 09:35:44,MCD,249.11,377,sell,NYSE
tx_0002111,2025-06-13 09:35:45,V,217.08,782,buy,NYSE
tx_0003853,2025-06-13 09:35:46,TSLA,706.53,264,sell,NASDAQ
tx_0000683,2025-06-13 09:35:49,WMT,141.06,753,sell,NYSE
tx_0000830,2025-06-13 09:35:51,NFLX,500.78,634,sell,NASDAQ
tx_0001269,2025-06-13 09:35:54,BRK.B,282.97,473,buy,NYSE
tx_0004908,2025-06-13 09:35:54,NFLX,506.28,667,buy,NASDAQ
tx_0007813,2025-06-13 09:35:58,DIS,178.12,499,buy,NYSE
tx_0007871,2025-06-13 09:35:58,FB,334.16,621,buy,NASDAQ
tx_0009964,2025-06-13 09:36:01,MSFT,297.91,412,buy,NASDAQ
tx_0005441,2025-06-13 09:36:03,MSFT,298.93,875,buy,NASDAQ
tx_0000304,2025-06-13 09:36:06,WMT,138.34,460,buy,NYSE
tx_0008330,2025-06-13 09:36:09,BRK.B,283.52,304,sell,NYSE
tx_0000477,2025-06-13 09:36:11,KO,55.55,780,sell,NYSE
tx_0005089,2025-06-13 09:36:11,ADBE,600.06,568,buy,NASDAQ
tx_0006037,2025-06-13 09:36:14,WMT,138.6,624,buy,NYSE
tx_0007035,2025-06-13 09:36:14,NFLX,501.85,234,sell,NASDAQ
tx_0001290,2025-06-13 09:36:16,BRK.B,283.43,966,sell,NYSE
tx_0009916,2025-06-13 09:36:16,PG,140.6,517,buy,NYSE
tx_0004488,2025-06-13 09:36:18,PEP,148.68,265,buy,NYSE
tx_0006212,2025-06-13 09:36:25,GOOGL,2770.44,548,buy,NASDAQ
tx_0009064,2025-06-13 09:36:38,JNJ,168.13,161,buy,NYSE
tx_0003736,2025-06-13 09:36:39,KO,55.93,691,buy,NYSE
tx_0000920,2025-06-13 09:36:45,NVDA,200.02,500,buy,NASDAQ
tx_0000300,2025-06-13 09:36:46,GOOGL,2786.73,500,buy,NASDAQ
tx_0002987,2025-06-13 09:36:50,NFLX,495.76,390,buy,NASDAQ
tx_0008787,2025-06-13 09:36:50,PEP,148.9,558,buy,NYSE
tx_0007796,2025-06-13 09:36:54,MCD,249.63,121,sell,NYSE
tx_0005122,2025-06-13 09:36:56,BRK.B,281.91,699,sell,NYSE
tx_0009644,2025-06-13 09:36:56,ADBE,611.26,486,sell,NASDAQ
tx_0006095,2025-06-13 09:37:02,WMT,139.13,311,sell,NYSE
tx_0004457,2025-06-13 09:37:03,NVDA,200.37,540,buy,NASDAQ
tx_0008645,2025-06-13 09:37:03,MCD,252.05,581,buy,NYSE
tx_0007506,2025-06-13 09:37:04,MA,351.12,452,buy,NYSE
tx_0002260,2025-06-13 09:37:11,PEP,150.55,577,,NYSE
tx_0006024,2025-06-13 09:37:25,KO,55.32,254,sell,NYSE
tx_0004116,2025-06-13 09:37:27,KO,55.17,838,buy,
tx_0001975,2025-06-13 09:37:29,PG,139.67,792,sell,NYSE
tx_0005283,2025-06-13 09:37:31,WMT,139.68,262,sell,NYSE
tx_0004335,2025-06-13 09:37:32,V,219.59,198,sell,NYSE
tx_0008230,2025-06-13 09:37:33,TSLA,706.62,369,sell,NASDAQ
tx_0007563,2025-06-13 09:37:34,PEP,150.3,711,buy,NYSE
tx_0008667,2025-06-13 09:37:36,JNJ,167.89,615,buy,NYSE
tx_0007525,2025-06-13 09:37:37,NFLX,502.52,467,sell,NASDAQ
tx_0007068,2025-06-13 09:37:37,GOOGL,2741.33,423,buy,NASDAQ
tx_0008375,2025-06-13 09:37:41,AMZN,3498.78,395,sell,NASDAQ
tx_0002460,2025-06-13 09:37:43,FB,327.35,323,buy,NASDAQ
tx_0003640,2025-06-13 09:37:45,V,216.78,237,buy,NYSE
tx_0007061,2025-06-13 09:37:45,PG,140.59,936,buy,NYSE
tx_0007659,2025-06-13 09:37:45,PYPL,251.0,459,buy,NASDAQ
tx_0003903,2025-06-13 09:37:47,NFLX,497.91,490,sell,NASDAQ
tx_0003722,2025-06-13 09:37:52,NFLX,502.57,393,sell,NASDAQ
tx_0000294,2025-06-13 09:37:54,GOOGL,2763.65,491,sell,NASDAQ
tx_0003800,2025-06-13 09:37:56,PYPL,248.25,506,buy,NASDAQ
tx_0003592,2025-06-13 09:38:00,PYPL,250.5,567,buy,NASDAQ
tx_0001479,2025-06-13 09:38:01,NVDA,201.59,182,buy,NASDAQ
tx_0004364,2025-06-13 09:38:06,DIS,178.07,626,buy,NYSE
tx_0003985,2025-06-13 09:38:06,AMZN,3500.94,331,buy,NASDAQ
tx_0003689,2025-06-13 09:38:07,PYPL,248.87,992,buy,NASDAQ
tx_0004737,2025-06-13 09:38:07,NFLX,502.73,763,buy,NASDAQ
tx_0000717,2025-06-13 09:38:08,TSLA,704.28,316,buy,NASDAQ
tx_0008479,2025-06-13 09:38:10,FB,332.0,594,buy,NASDAQ
tx_0000891,2025-06-13 09:38:12,V,219.81,733,buy,NYSE
tx_0005716,2025-06-13 09:38:13,GOOGL,2781.62,827,sell,NASDAQ
tx_0008691,2025-06-13 09:38:15,NFLX,505.26,496,sell,NASDAQ
tx_0008036,2025-06-13 09:38:18,BRK.B,282.89,269,buy,NYSE
tx_0005624,2025-06-13 09:38:19,FB,332.01,660,buy,NASDAQ
tx_0009206,2025-06-13 09:38:19,PYPL,250.68,531,buy,NASDAQ
tx_0000755,2025-06-13 09:38:19,NVDA,198.2,906,sell,NASDAQ
tx_0005164,2025-06-13 09:38:20,PYPL,249.61,466,sell,NASDAQ
tx_0002663,2025-06-13 09:38:23,NVDA,198.14,234,sell,NASDAQ
tx_0004034,2025-06-13 09:38:25,BRK.B,282.29,190,buy,NYSE
tx_0005704,2025-06-13 09:38:32,MSFT,299.71,720,buy,NASDAQ
tx_0009450,2025-06-13 09:38:37,TSLA,704.37,258,sell,NASDAQ
tx_0009753,2025-06-13 09:38:38,WMT,140.17,772,sell,NYSE
tx_0005279,2025-06-13 09:38:38,TSLA,701.08,819,buy,NASDAQ
tx_0009308,2025-06-13 09:38:43,PG,140.12,756,sell,NYSE
tx_0001884,2025-06-13 09:38:47,KO,55.17,448,buy,NYSE
tx_0008040,2025-06-13 09:38:52,PG,139.7,375,buy,NYSE
tx_0006971,2025-06-13 09:38:59,FB,326.37,268,sell,NASDAQ
tx_0001275,2025-06-13 09:39:04,WMT,141.65,323,sell,NYSE
tx_0004648,2025-06-13 09:39:06,NVDA,199.43,142,sell,NASDAQ
tx_0000380,2025-06-13 09:39:08,JNJ,169.33,591,buy,NYSE
tx_0008993,2025-06-13 09:39:08,PG,139.48,957,buy,NYSE
tx_0002713,2025-06-13 09:39:23,JNJ,170.23,857,sell,NYSE
tx_0003611,2025-06-13 09:39:24,KO,55.66,145,sell,NYSE
tx_0009604,2025-06-13 09:39:31,NVDA,201.08,523,buy,NASDAQ
tx_0002772,2025-06-13 09:39:38,GOOGL,2788.39,893,buy,NASDAQ
tx_0004199,2025-06-13 09:39:38,NFLX,497.59,866,sell,NASDAQ
tx_0006157,2025-06-13 09:39:39,PYPL,248.24,637,buy,NASDAQ
tx_0001683,2025-06-13 09:39:40,JNJ,167.8,802,sell,NYSE
tx_0008530,2025-06-13 09:39:42,PG,140.26,993,buy,NYSE
tx_0004216,2025-06-13 09:39:42,PG,138.46,149,sell,NYSE
tx_0006062,2025-06-13 09:39:47,MSFT,301.58,868,buy,NASDAQ
tx_0000637,2025-06-13 09:39:47,ADBE,613.66,291,buy,NASDAQ
tx_0009239,2025-06-13 09:39:48,BRK.B,279.57,820,sell,NYSE
tx_0005214,2025-06-13 09:39:54,NFLX,499.03,708,sell,NASDAQ
tx_0004785,2025-06-13 09:39:56,AMZN,3533.16,365,sell,NASDAQ
tx_0009359,2025-06-13 09:39:56,MCD,250.02,235,buy,NYSE
tx_0002556,2025-06-13 09:39:56,PYPL,249.1,357,buy,NASDAQ
tx_0001400,2025-06-13 09:39:58,MA,353.59,439,sell,NYSE
tx_0009487,2025-06-13 09:39:58,PEP,149.56,116,sell,NYSE
tx_0007430,2025-06-13 09:40:00,ADBE,612.08,255,sell,NASDAQ
tx_0006320,2025-06-13 09:40:01,KO,55.3,732,buy,NYSE
tx_0003769,2025-06-13 09:40:01,PEP,148.74,166,sell,NYSE
tx_0003539,2025-06-13 09:40:05,DIS,180.08,749,sell,NYSE
tx_0005250,2025-06-13 09:40:06,TSLA,698.51,781,sell,NASDAQ
tx_0004827,2025-06-13 09:40:06,AAPL,151.81,342,sell,NASDAQ
tx_0007225,2025-06-13 09:40:10,V,217.95,421,sell,NYSE
tx_0004526,2025-06-13 09:40:12,AMZN,3491.32,956,sell,NASDAQ
tx_0005400,2025-06-13 09:40:19,DIS,178.16,574,buy,NYSE
tx_0000472,2025-06-13 09:40:21,ADBE,603.01,975,buy,NASDAQ
tx_0004552,2025-06-13 09:40:22,WMT,140.32,541,buy,NYSE
tx_0006385,2025-06-13 09:40:26,ADBE,613.82,655,sell,NASDAQ
tx_0004198,2025-06-13 09:40:28,MSFT,302.02,485,buy,NASDAQ
tx_0009407,2025-06-13 09:40:28,PG,140.35,593,sell,NYSE
tx_0002639,2025-06-13 09:40:31,TSLA,701.6,976,sell,NASDAQ
tx_0003254,2025-06-13 09:40:32,DIS,180.01,224,buy,NYSE
tx_0004910,2025-06-13 09:40:34,PG,139.51,553,buy,NYSE
tx_0007433,2025-06-13 09:40:34,PG,138.52,296,buy,NYSE
tx_0006247,2025-06-13 09:40:36,MCD,246.15,154,sell,NYSE
tx_0001005,2025-06-13 09:40:37,NVDA,201.02,353,buy,NASDAQ
tx_0002838,2025-06-13 09:40:37,JNJ,166.83,988,buy,NYSE
tx_0000855,2025-06-13 09:40:38,MA,353.98,790,sell,NYSE
tx_0001710,2025-06-13 09:40:38,NFLX,497.15,545,sell,NASDAQ
tx_0008215,2025-06-13 09:40:45,FB,329.44,959,buy,NASDAQ
tx_0007348,2025-06-13 09:40:45,V,217.83,111,buy,NYSE
tx_0002930,2025-06-13 09:40:48,MCD,247.17,485,buy,NYSE
tx_0004617,2025-06-13 09:40:52,BRK.B,281.03,159,buy,NYSE
tx_0005244,2025-06-13 09:40:54,BRK.B,279.22,710,buy,NYSE
tx_0004090,2025-06-13 09:40:57,KO,55.64,187,sell,NYSE
tx_0004121,2025-06-13 09:41:01,PG,139.96,398,buy,NYSE
tx_0009981,2025-06-13 09:41:03,NVDA,201.5,126,sell,NASDAQ
tx_0005033,2025-06-13 09:41:07,PEP,149.67,586,buy,NYSE
tx_0005321,2025-06-13 09:41:10,MSFT,301.59,819,buy,NASDAQ
tx_0007571,2025-06-13 09:41:11,JNJ,169.73,668,sell,NYSE
tx_0003879,2025-06-13 09:41:17,GOOGL,2777.38,919,buy,NASDAQ
tx_0009898,2025-06-13 09:41:25,PEP,149.59,372,buy,NYSE
tx_0007158,2025-06-13 09:41:28,BRK.B,282.98,132,sell,NYSE
tx_0006716,2025-06-13 09:41:29,NVDA,200.02,594,buy,NASDAQ
tx_0002336,2025-06-13 09:41:30,V,217.46,521,buy,NYSE
tx_0007590,2025-06-13 09:41:35,ADBE,605.51,509,sell,NASDAQ
tx_0009135,2025-06-13 09:41:35,NFLX,503.8,942,buy,NASDAQ
tx_0004002,2025-06-13 09:41:36,TSLA,708.71,568,sell,NASDAQ
tx_0003971,2025-06-13 09:41:40,PYPL,251.75,855,sell,NASDAQ
tx_0003474,2025-06-13 09:41:40,ADBE,610.07,331,buy,NASDAQ
tx_0004982,2025-06-13 09:41:48,NFLX,497.99,242,sell,NASDAQ
tx_0008143,2025-06-13 09:41:49,NVDA,202.07,741,buy,NASDAQ
tx_0002566,2025-06-13 09:41:50,PEP,149.99,179,sell,NYSE
tx_0003994,2025-06-13 09:41:50,V,219.65,483,sell,NYSE
tx_0003774,2025-06-13 09:41:53,MA,353.1,603,,NYSE
tx_0009493,2025-06-13 09:41:54,FB,334.48,406,buy,NASDAQ
tx_0003943,2025-06-13 09:41:55,TSLA,700.52,125,buy,NASDAQ
tx_0006287,2025-06-13 09:41:58,MSFT,300.88,977,buy,NASDAQ
tx_0000677,2025-06-13 09:42:07,MSFT,302.37,108,buy,NASDAQ
tx_0008121,2025-06-13 09:42:11,PG,138.24,743,buy,NYSE
tx_0007475,2025-06-13 09:42:14,FB,328.75,615,buy,NASDAQ
tx_0007834,2025-06-13 09:42:15,TSLA,705.79,582,buy,NASDAQ
tx_0006018,2025-06-13 09:42:17,PEP,151.05,463,sell,NYSE
tx_0007226,2025-06-13 09:42:17,GOOGL,2806.54,641,buy,NASDAQ
tx_0007232,2025-06-13 09:42:17,GOOGL,2764.69,470,sell,NASDAQ
tx_0007942,2025-06-13 09:42:23,PG,137.86,834,sell,NYSE
tx_0006776,2025-06-13 09:42:29,AMZN,3565.28,574,buy,NASDAQ
tx_0002252,2025-06-13 09:42:32,BRK.B,281.64,142,sell,NYSE
tx_0003717,2025-06-13 09:42:33,AMZN,3519.11,954,buy,NASDAQ
tx_0005320,2025-06-13 09:42:33,PG,139.03,360,buy,NYSE
tx_0007157,2025-06-13 09:42:34,DIS,179.18,124,buy,NYSE
tx_0002829,2025-06-13 09:42:36,GOOGL,2795.52,379,buy,NASDAQ
tx_0002147,2025-06-13 09:42:36,KO,54.91,902,buy,NYSE
tx_0006570,2025-06-13 09:42:37,PYPL,250.54,400,buy,NASDAQ
tx_0009439,2025-06-13 09:42:38,ADBE,614.09,786,buy,NASDAQ
tx_0000431,2025-06-13 09:42:42,PYPL,248.92,143,buy,NASDAQ
tx_0001200,2025-06-13 09:42:43,GOOGL,2770.73,372,buy,NASDAQ
tx_0001827,2025-06-13 09:42:44,MA,349.25,538,buy,NYSE
tx_0008148,2025-06-13 09:42:52,MCD,248.89,881,buy,NYSE
tx_0001690,2025-06-13 09:42:54,DIS,179.44,381,sell,NYSE
tx_0003268,2025-06-13 09:42:59,NVDA,199.91,391,buy,NASDAQ
tx_0008000,2025-06-13 09:43:02,PG,138.31,353,sell,NYSE
tx_0002216,2025-06-13 09:43:03,WMT,138.97,987,sell,NYSE
tx_0007014,2025-06-13 09:43:03,JNJ,168.71,878,buy,NYSE
tx_0004158,2025-06-13 09:43:08,MSFT,297.7,392,sell,NASDAQ
tx_0006562,2025-06-13 09:43:08,JNJ,168.32,512,sell,NYSE
tx_0000148,2025-06-13 09:43:11,WMT,141.06,822,sell,NYSE
tx_0009368,2025-06-13 09:43:11,GOOGL,2765.69,538,buy,NASDAQ
tx_0001538,2025-06-13 09:43:12,WMT,139.56,647,buy,NYSE
tx_0009939,2025-06-13 09:43:15,FB,332.39,849,buy,NASDAQ
tx_0003944,2025-06-13 09:43:18,WMT,141.29,677,sell,NYSE
tx_0009959,2025-06-13 09:43:22,NVDA,200.3,414,sell,NASDAQ
tx_0003935,2025-06-13 09:43:24,JNJ,167.2,768,buy,NYSE
tx_0005337,2025-06-13 09:43:25,AAPL,150.06,714,sell,NASDAQ
tx_0008872,2025-06-13 09:43:25,MA,348.73,165,sell,NYSE
tx_0006865,2025-06-13 09:43:28,FB,331.32,572,sell,
tx_0003778,2025-06-13 09:43:29,MCD,248.0,873,buy,NYSE
tx_0003096,2025-06-13 09:43:36,MSFT,300.75,877,buy,NASDAQ
tx_0005137,2025-06-13 09:43:40,PG,139.92,421,buy,NYSE
tx_0004293,2025-06-13 09:43:41,MSFT,300.56,628,buy,NASDAQ
tx_0001784,2025-06-13 09:43:45,TSLA,702.2,298,sell,NASDAQ
tx_0004857,2025-06-13 09:43:48,PG,138.67,433,buy,NYSE
tx_0002826,2025-06-13 09:43:48,MA,351.27,628,sell,NYSE
tx_0006203,2025-06-13 09:43:55,V,219.09,983,buy,NYSE
tx_0008968,2025-06-13 09:43:59,AAPL,148.34,663,sell,NASDAQ
tx_0001585,2025-06-13 09:44:01,ADBE,602.96,843,sell,NASDAQ
tx_0008625,2025-06-13 09:44:03,WMT,141.68,208,buy,NYSE
tx_0007115,2025-06-13 09:44:03,GOOGL,2797.58,113,buy,NASDAQ
tx_0005679,2025-06-13 09:44:06,FB,328.43,236,sell,NASDAQ
tx_0005554,2025-06-13 09:44:08,NFLX,501.33,959,buy,NASDAQ
tx_0009958,2025-06-13 09:44:09,MCD,245.25,447,sell,NYSE
tx_0009164,2025-06-13 09:44:10,PEP,149.25,269,sell,NYSE
tx_0001731,2025-06-13 09:44:13,TSLA,701.86,497,sell,NASDAQ
tx_0005239,2025-06-13 09:44:14,MCD,246.74,904,buy,NYSE
tx_0001223,2025-06-13 09:44:14,GOOGL,2780.83,738,sell,NASDAQ
tx_0005501,2025-06-13 09:44:17,JNJ,168.8,586,buy,NYSE
tx_0002978,2025-06-13 09:44:18,WMT,141.25,798,buy,NYSE
tx_0004484,2025-06-13 09:44:22,PEP,149.06,966,buy,NYSE
tx_0000006,2025-06-13 09:44:25,TSLA,710.78,793,sell,NASDAQ
tx_0007398,2025-06-13 09:44:26,PYPL,247.43,699,sell,NASDAQ
tx_0002194,2025-06-13 09:44:28,WMT,139.65,634,sell,NYSE
tx_0000333,2025-06-13 09:44:31,NVDA,201.26,877,buy,NASDAQ
tx_0003392,2025-06-13 09:44:31,PEP,151.7,925,sell,NYSE
tx_0003324,2025-06-13 09:44:33,TSLA,698.5,483,sell,NASDAQ
tx_0009203,2025-06-13 09:44:34,KO,55.56,873,buy,NYSE
tx_0002317,2025-06-13 09:44:39,BRK.B,279.16,608,buy,NYSE
tx_0003205,2025-06-13 09:44:42,GOOGL,2763.27,627,sell,NASDAQ
tx_0003885,2025-06-13 09:44:45,TSLA,707.43,923,buy,NASDAQ
tx_0007522,2025-06-13 09:44:45,NFLX,510.97,580,sell,NASDAQ
tx_0000666,2025-06-13 09:44:46,AAPL,149.76,464,sell,NASDAQ
tx_0006534,2025-06-13 09:44:46,MCD,247.91,390,sell,NYSE
tx_0009091,2025-06-13 09:44:48,KO,55.08,873,sell,NYSE
tx_0000249,2025-06-13 09:44:50,TSLA,705.32,501,buy,NASDAQ
tx_0001530,2025-06-13 09:44:50,AMZN,3557.67,893,buy,NASDAQ
tx_0001613,2025-06-13 09:44:54,FB,326.35,674,buy,NASDAQ
tx_0006930,2025-06-13 09:44:59,GOOGL,2776.78,190,,NASDAQ
tx_0009209,2025-06-13 09:44:59,ADBE,608.66,137,sell,NASDAQ
tx_0003728,2025-06-13 09:44:59,TSLA,704.23,857,sell,NASDAQ
tx_0004562,2025-06-13 09:45:00,PG,140.22,469,buy,NYSE
tx_0007394,2025-06-13 09:45:02,GOOGL,2786.3,561,buy,NASDAQ
tx_0005663,2025-06-13 09:45:06,BRK.B,278.12,234,buy,NYSE
tx_0001623,2025-06-13 09:45:11,NVDA,201.36,641,sell,NASDAQ
tx_0003785,2025-06-13 09:45:12,V,218.82,625,buy,NYSE
tx_0004040,2025-06-13 09:45:13,MSFT,296.87,435,sell,NASDAQ
tx_0005390,2025-06-13 09:45:14,NVDA,200.67,848,sell,NASDAQ
tx_0009370,2025-06-13 09:45:17,KO,55.48,742,buy,NYSE
tx_0005313,2025-06-13 09:45:20,ADBE,603.8,216,sell,NASDAQ
tx_0000313,2025-06-13 09:45:21,PYPL,250.03,683,sell,NASDAQ
tx_0001277,2025-06-13 09:45:22,AMZN,3582.47,195,buy,NASDAQ
tx_0009713,2025-06-13 09:45:25,AAPL,149.92,593,buy,NASDAQ
tx_0009801,2025-06-13 09:45:27,GOOGL,2776.65,205,buy,NASDAQ
tx_0008714,2025-06-13 09:45:27,MSFT,298.64,576,buy,NASDAQ
tx_0005412,2025-06-13 09:45:27,NVDA,202.56,566,buy,NASDAQ
tx_0008871,2025-06-13 09:45:32,WMT,139.77,810,sell,NYSE
tx_0005604,2025-06-13 09:45:36,PYPL,247.05,319,sell,NASDAQ
tx_0001409,2025-06-13 09:45:38,NFLX,502.78,772,buy,NASDAQ
tx_0009694,2025-06-13 09:45:39,MCD,247.22,675,sell,NYSE
tx_0001789,2025-06-13 09:45:40,PG,138.33,621,sell,NYSE
tx_0009873,2025-06-13 09:45:40,ADBE,603.08,932,sell,NASDAQ
tx_0003284,2025-06-13 09:45:41,FB,329.65,910,sell,NASDAQ
tx_0000275,2025-06-13 09:45:50,PG,138.38,408,sell,NYSE
tx_0002352,2025-06-13 09:45:53,BRK.B,282.4,158,sell,NYSE
tx_0009257,2025-06-13 09:46:00,PG,137.85,295,buy,NYSE
tx_0001193,2025-06-13 09:46:02,BRK.B,281.41,567,buy,NYSE
tx_0007441,2025-06-13 09:46:04,AMZN,3539.61,965,buy,NASDAQ
tx_0008404,2025-06-13 09:46:07,V,217.9,594,sell,NYSE
tx_0009576,2025-06-13 09:46:09,WMT,139.43,868,buy,NYSE
tx_0005766,2025-06-13 09:46:10,AMZN,3584.98,275,buy,NASDAQ
tx_0000214,2025-06-13 09:46:15,PEP,152.13,501,buy,NYSE
tx_0001157,2025-06-13 09:46:15,V,217.09,666,buy,NYSE
tx_0008555,2025-06-13 09:46:16,DIS,178.08,659,buy,NYSE
tx_0004261,2025-06-13 09:46:18,AMZN,3568.16,977,sell,NASDAQ
tx_0001000,2025-06-13 09:46:21,BRK.B,282.43,478,sell,NYSE
tx_0008898,2025-06-13 09:46:22,V,216.16,581,sell,NYSE
tx_0003184,2025-06-13 09:46:23,PEP,151.06,274,sell,NYSE
tx_0001225,2025-06-13 09:46:31,ADBE,608.34,275,sell,
tx_0003215,2025-06-13 09:46:32,NVDA,198.89,480,,NASDAQ
tx_0000387,2025-06-13 09:46:32,MCD,250.05,786,sell,NYSE
tx_0007217,2025-06-13 09:46:36,PEP,151.81,742,sell,NYSE
tx_0003293,2025-06-13 09:46:37,KO,55.77,528,sell,NYSE
tx_0001987,2025-06-13 09:46:39,FB,329.75,145,sell,NASDAQ
tx_0003072,2025-06-13 09:46:43,FB,331.16,844,sell,NASDAQ
tx_0005611,2025-06-13 09:46:46,FB,331.17,857,buy,NASDAQ
tx_0005975,2025-06-13 09:46:46,V,219.09,724,buy,NYSE
tx_0009832,2025-06-13 09:46:53,MA,343.83,641,buy,NYSE
tx_0005280,2025-06-13 09:46:54,PEP,150.2,163,buy,
tx_0006678,2025-06-13 09:47:04,FB,331.2,651,sell,NASDAQ
tx_0009773,2025-06-13 09:47:11,JNJ,167.96,420,buy,NYSE
tx_0003400,2025-06-13 09:47:12,PG,139.78,438,buy,NYSE
tx_0008659,2025-06-13 09:47:13,MSFT,299.85,968,sell,NASDAQ
tx_0002686,2025-06-13 09:47:17,MCD,248.74,502,buy,NYSE
tx_0003342,2025-06-13 09:47:21,MCD,249.26,424,sell,NYSE
tx_0008513,2025-06-13 09:47:21,KO,55.52,767,sell,NYSE
tx_0003681,2025-06-13 09:47:23,MSFT,295.88,260,sell,NASDAQ
tx_0001550,2025-06-13 09:47:23,GOOGL,2781.56,426,sell,NASDAQ
tx_0006741,2025-06-13 09:47:31,BRK.B,282.68,638,buy,NYSE
tx_0006908,2025-06-13 09:47:35,GOOGL,2752.2,219,buy,NASDAQ
tx_0005654,2025-06-13 09:47:39,PYPL,248.73,506,sell,NASDAQ
tx_0004064,2025-06-13 09:47:40,PYPL,249.96,898,buy,NASDAQ
tx_0005456,2025-06-13 09:47:42,V,217.22,874,sell,NYSE
tx_0006295,2025-06-13 09:47:44,WMT,140.95,931,sell,NYSE
tx_0008621,2025-06-13 09:47:49,AAPL,149.42,890,buy,NASDAQ
tx_0005105,2025-06-13 09:47:51,KO,55.09,924,sell,NYSE
tx_0001045,2025-06-13 09:47:54,GOOGL,2777.53,287,buy,NASDAQ
tx_0005601,2025-06-13 09:47:54,DIS,181.74,529,buy,NYSE
tx_0008750,2025-06-13 09:47:59,KO,55.01,915,sell,NYSE
tx_0004751,2025-06-13 09:48:00,AAPL,150.4,592,buy,NASDAQ
tx_0002840,2025-06-13 09:48:05,MA,341.66,638,sell,NYSE
tx_0000432,2025-06-13 09:48:07,MSFT,299.93,439,sell,NASDAQ
tx_0000648,2025-06-13 09:48:07,WMT,140.14,942,buy,NYSE
tx_0006393,2025-06-13 09:48:07,GOOGL,2751.62,630,buy,NASDAQ
tx_0004580,2025-06-13 09:48:08,NFLX,514.68,145,buy,NASDAQ
tx_0002506,2025-06-13 09:48:14,MCD,245.27,852,sell,NYSE
tx_0005096,2025-06-13 09:48:15,NFLX,512.03,517,buy,NASDAQ
tx_0005483,2025-06-13 09:48:20,AAPL,149.69,146,buy,NASDAQ
tx_0009692,2025-06-13 09:48:20,KO,55.83,977,buy,NYSE
tx_0004868,2025-06-13 09:48:25,TSLA,709.84,482,sell,NASDAQ
tx_0006091,2025-06-13 09:48:27,NFLX,509.99,683,buy,NASDAQ
tx_0009460,2025-06-13 09:48:28,TSLA,708.95,766,buy,NASDAQ
tx_0005822,2025-06-13 09:48:32,PYPL,252.37,536,buy,NASDAQ
tx_0008824,2025-06-13 09:48:34,PYPL,248.82,301,sell,NASDAQ
tx_0008903,2025-06-13 09:48:34,AAPL,148.83,954,buy,NASDAQ
tx_0003872,2025-06-13 09:48:35,PEP,150.74,409,buy,NYSE
tx_0006489,2025-06-13 09:48:38,PG,139.82,208,sell,NYSE
tx_0004769,2025-06-13 09:48:52,MCD,248.42,266,buy,NYSE
tx_0003559,2025-06-13 09:48:57,WMT,140.07,949,sell,NYSE
tx_0004687,2025-06-13 09:49:00,MA,348.03,175,sell,NYSE
tx_0001814,2025-06-13 09:49:00,V,217.56,930,sell,NYSE
tx_0006846,2025-06-13 09:49:01,BRK.B,280.6,695,sell,NYSE
tx_0000954,2025-06-13 09:49:01,TSLA,,431,sell,NASDAQ
tx_0004167,2025-06-13 09:49:02,TSLA,706.1,155,sell,NASDAQ
tx_0002386,2025-06-13 09:49:03,WMT,138.71,624,buy,NYSE
tx_0009857,2025-06-13 09:49:03,WMT,138.48,517,sell,NYSE
tx_0004535,2025-06-13 09:49:03,BRK.B,280.17,778,sell,NYSE
tx_0001845,2025-06-13 09:49:06,BRK.B,282.79,826,sell,NYSE
tx_0003901,2025-06-13 09:49:06,PYPL,249.38,311,sell,NASDAQ
tx_0000963,2025-06-13 09:49:06,V,218.22,731,sell,NYSE
tx_0004419,2025-06-13 09:49:08,PEP,149.55,695,sell,NYSE
tx_0001832,2025-06-13 09:49:09,ADBE,613.68,235,sell,NASDAQ
tx_0006348,2025-06-13 09:49:13,WMT,139.78,402,sell,NYSE
tx_0007428,2025-06-13 09:49:14,KO,55.57,281,buy,NYSE
tx_0000600,2025-06-13 09:49:16,MSFT,297.25,471,sell,NASDAQ
tx_0001542,2025-06-13 09:49:17,KO,55.74,867,sell,NYSE
tx_0000625,2025-06-13 09:49:19,MA,347.97,197,sell,NYSE
tx_0004012,2025-06-13 09:49:27,WMT,138.91,996,sell,NYSE
tx_0000933,2025-06-13 09:49:29,MA,344.09,698,buy,NYSE
tx_0003433,2025-06-13 09:49:32,AMZN,3590.17,676,buy,NASDAQ
tx_0000913,2025-06-13 09:49:33,JNJ,167.33,191,buy,NYSE
tx_0003896,2025-06-13 09:49:34,MSFT,302.02,512,buy,NASDAQ
tx_0005536,2025-06-13 09:49:40,FB,329.85,630,sell,NASDAQ
tx_0003176,2025-06-13 09:49:49,NFLX,505.52,706,sell,NASDAQ
tx_0004761,2025-06-13 09:49:49,WMT,140.87,804,sell,NYSE
tx_0000886,2025-06-13 09:49:53,MCD,248.36,646,buy,NYSE
tx_0003576,2025-06-13 09:49:55,AAPL,150.47,784,sell,NASDAQ
tx_0009993,2025-06-13 09:49:57,PG,141.53,115,sell,NYSE
tx_0005602,2025-06-13 09:49:58,NVDA,199.29,735,sell,NASDAQ
tx_0008808,2025-06-13 09:49:58,PYPL,250.36,360,sell,NASDAQ
tx_0002376,2025-06-13 09:49:59,ADBE,610.35,679,sell,NASDAQ
tx_0001344,2025-06-13 09:50:00,PG,141.86,973,buy,NYSE
tx_0007931,2025-06-13 09:50:01,AMZN,3598.75,615,sell,NASDAQ
tx_0002458,2025-06-13 09:50:03,JNJ,168.11,691,buy,NYSE
tx_0008620,2025-06-13 09:50:07,ADBE,602.16,921,buy,NASDAQ
tx_0007076,2025-06-13 09:50:09,V,219.26,142,sell,NYSE
tx_0005615,2025-06-13 09:50:09,FB,326.97,845,buy,NASDAQ
tx_0008796,2025-06-13 09:50:11,PYPL,251.03,541,buy,NASDAQ
tx_0008041,2025-06-13 09:50:13,NVDA,199.4,540,buy,
tx_0000415,2025-06-13 09:50:13,NVDA,199.88,526,sell,NASDAQ
tx_0008420,2025-06-13 09:50:15,GOOGL,2787.08,970,sell,NASDAQ
tx_0000283,2025-06-13 09:50:19,ADBE,610.9,525,buy,NASDAQ
tx_0008327,2025-06-13 09:50:19,AAPL,148.19,482,sell,NASDAQ
tx_0007804,2025-06-13 09:50:20,DIS,182.8,210,sell,NYSE
tx_0002867,2025-06-13 09:50:24,MA,350.37,195,sell,NYSE
tx_0009455,2025-06-13 09:50:30,WMT,138.92,254,buy,NYSE
tx_0000093,2025-06-13 09:50:31,GOOGL,2787.28,178,sell,NASDAQ
tx_0009521,2025-06-13 09:50:32,PEP,149.3,943,buy,NYSE
tx_0001039,2025-06-13 09:50:33,NFLX,512.58,239,sell,NASDAQ
tx_0006609,2025-06-13 09:50:33,GOOGL,2802.66,212,buy,NASDAQ
tx_0001960,2025-06-13 09:50:34,ADBE,604.84,303,sell,NASDAQ
tx_0001772,2025-06-13 09:50:41,PEP,148.81,641,sell,NYSE
tx_0005303,2025-06-13 09:50:47,TSLA,696.42,509,buy,NASDAQ
tx_0006492,2025-06-13 09:50:49,NVDA,202.69,405,buy,NASDAQ
tx_0005299,2025-06-13 09:50:49,BRK.B,279.35,114,sell,NYSE
tx_0009258,2025-06-13 09:50:50,AAPL,151.3,362,sell,NASDAQ
tx_0007747,2025-06-13 09:50:53,AAPL,150.58,460,buy,NASDAQ
tx_0000554,2025-06-13 09:50:57,DIS,181.95,299,buy,NYSE
tx_0002120,2025-06-13 09:50:59,DIS,181.35,601,sell,NYSE
tx_0006163,2025-06-13 09:51:02,JNJ,167.4,502,buy,NYSE
tx_0006987,2025-06-13 09:51:08,AAPL,149.63,995,sell,NASDAQ
tx_0005944,2025-06-13 09:51:11,JNJ,168.49,100,buy,NYSE
tx_0008197,2025-06-13 09:51:12,WMT,141.03,266,sell,NYSE
tx_0004537,2025-06-13 09:51:13,BRK.B,283.24,226,buy,NYSE
tx_0002374,2025-06-13 09:51:14,AAPL,149.58,882,sell,NASDAQ
tx_0009598,2025-06-13 09:51:15,GOOGL,2763.59,966,buy,NASDAQ
tx_0009249,2025-06-13 09:51:16,NFLX,515.32,162,buy,NASDAQ
tx_0004600,2025-06-13 09:51:17,MCD,249.88,731,sell,NYSE
tx_0004521,2025-06-13 09:51:19,ADBE,603.92,894,buy,NASDAQ
tx_0003386,2025-06-13 09:51:24,MCD,248.26,850,sell,NYSE
tx_0002136,2025-06-13 09:51:24,PYPL,251.25,396,buy,NASDAQ
tx_0003374,2025-06-13 09:51:24,WMT,140.87,515,buy,NYSE
tx_0004775,2025-06-13 09:51:24,ADBE,606.81,894,buy,NASDAQ
tx_0007609,2025-06-13 09:51:26,KO,55.58,850,sell,NYSE
tx_0000344,2025-06-13 09:51:30,PG,140.72,237,buy,NYSE
tx_0000578,2025-06-13 09:51:31,DIS,179.78,528,buy,NYSE
tx_0000015,2025-06-13 09:51:35,GOOGL,2778.36,315,sell,NASDAQ
tx_0004123,2025-06-13 09:51:35,PG,140.43,757,sell,NYSE
tx_0003892,2025-06-13 09:51:39,ADBE,610.38,487,sell,NASDAQ
tx_0002582,2025-06-13 09:51:42,GOOGL,2777.87,186,buy,NASDAQ
tx_0008296,2025-06-13 09:51:44,NFLX,506.46,839,sell,NASDAQ
tx_0009856,2025-06-13 09:51:44,NFLX,513.73,851,buy,NASDAQ
tx_0002744,2025-06-13 09:51:45,MCD,247.87,940,sell,NYSE
tx_0000613,2025-06-13 09:51:46,KO,55.08,564,buy,NYSE
tx_0000298,2025-06-13 09:51:46,KO,55.81,623,sell,NYSE
tx_0006663,2025-06-13 09:51:46,NVDA,200.54,277,buy,NASDAQ
tx_0004205,2025-06-13 09:51:47,PEP,150.98,480,sell,NYSE
tx_0002308,2025-06-13 09:51:47,AAPL,150.02,560,sell,NASDAQ
tx_0000740,2025-06-13 09:51:48,AMZN,3562.71,887,buy,NASDAQ
tx_0003060,2025-06-13 09:51:49,PEP,149.88,558,buy,NYSE
tx_0002059,2025-06-13 09:51:49,KO,55.19,313,sell,NYSE
tx_0002402,2025-06-13 09:51:53,PEP,,177,buy,NYSE
tx_0002237,2025-06-13 09:51:54,AAPL,148.48,406,,NASDAQ
tx_0009212,2025-06-13 09:51:54,BRK.B,278.12,811,sell,NYSE
tx_0008706,2025-06-13 09:51:56,AMZN,3593.58,516,sell,NASDAQ
tx_0009611,2025-06-13 09:52:04,TSLA,702.63,370,buy,NASDAQ
tx_0008168,2025-06-13 09:52:05,PEP,149.19,888,buy,NYSE
tx_0007811,2025-06-13 09:52:09,AMZN,3577.39,870,sell,NASDAQ
tx_0008622,2025-06-13 09:52:09,MCD,250.79,232,buy,NYSE
tx_0002152,2025-06-13 09:52:10,FB,329.05,464,sell,NASDAQ
tx_0004739,2025-06-13 09:52:12,DIS,181.15,181,buy,NYSE
tx_0003145,2025-06-13 09:52:17,V,215.89,162,sell,NYSE
tx_0000406,2025-06-13 09:52:17,PYPL,253.03,302,sell,NASDAQ
tx_0006574,2025-06-13 09:52:18,JNJ,169.02,124,sell,NYSE
tx_0005163,2025-06-13 09:52:18,KO,55.73,137,sell,NYSE
tx_0009043,2025-06-13 09:52:22,WMT,139.64,291,buy,NYSE
tx_0007216,2025-06-13 09:52:26,ADBE,613.2,646,buy,NASDAQ
tx_0001121,2025-06-13 09:52:27,ADBE,613.79,853,sell,NASDAQ
tx_0004649,2025-06-13 09:52:33,AMZN,3553.28,502,sell,NASDAQ
tx_0009544,2025-06-13 09:52:33,MCD,251.08,822,sell,NYSE
tx_0002259,2025-06-13 09:52:36,DIS,179.42,670,buy,NYSE
tx_0002664,2025-06-13 09:52:37,DIS,180.63,667,sell,NYSE
tx_0004319,2025-06-13 09:52:43,WMT,138.3,953,sell,NYSE
tx_0006433,2025-06-13 09:52:43,GOOGL,2799.0,448,buy,NASDAQ
tx_0005613,2025-06-13 09:52:44,MSFT,299.49,837,buy,NASDAQ
tx_0002165,2025-06-13 09:52:45,KO,55.76,655,buy,NYSE
tx_0004529,2025-06-13 09:52:45,KO,55.03,164,buy,NYSE
tx_0008482,2025-06-13 09:52:48,BRK.B,282.7,526,sell,NYSE
tx_0009732,2025-06-13 09:52:48,FB,328.1,258,buy,NASDAQ
tx_0009390,2025-06-13 09:52:52,PYPL,251.02,747,sell,NASDAQ
tx_0000138,2025-06-13 09:52:54,GOOGL,2786.19,553,sell,NASDAQ
tx_0002391,2025-06-13 09:52:57,MCD,250.27,995,,NYSE
tx_0003949,2025-06-13 09:53:01,AMZN,3560.1,283,buy,NASDAQ
tx_0007652,2025-06-13 09:53:05,BRK.B,277.69,973,sell,NYSE
tx_0003015,2025-06-13 09:53:10,KO,55.26,182,buy,NYSE
tx_0008629,2025-06-13 09:53:12,MCD,249.53,544,sell,NYSE
tx_0006507,2025-06-13 09:53:13,JNJ,166.53,873,buy,NYSE
tx_0004592,2025-06-13 09:53:16,MSFT,299.67,740,sell,NASDAQ
tx_0000979,2025-06-13 09:53:20,TSLA,702.46,356,sell,NASDAQ
tx_0000570,2025-06-13 09:53:23,NFLX,510.55,250,sell,NASDAQ
tx_0001887,2025-06-13 09:53:27,AMZN,3540.81,329,sell,NASDAQ
tx_0002756,2025-06-13 09:53:28,BRK.B,281.38,611,sell,NYSE
tx_0008848,2025-06-13 09:53:30,MSFT,296.42,289,sell,NASDAQ
tx_0003110,2025-06-13 09:53:31,BRK.B,279.0,408,sell,NYSE
tx_0008294,2025-06-13 09:53:32,GOOGL,2769.99,398,sell,NASDAQ
tx_0000837,2025-06-13 09:53:33,PYPL,252.09,900,buy,NASDAQ
tx_0009575,2025-06-13 09:53:36,NVDA,199.75,639,buy,NASDAQ
tx_0005027,2025-06-13 09:53:36,PEP,151.22,547,sell,NYSE
tx_0008185,2025-06-13 09:53:45,V,219.45,199,sell,NYSE
tx_0001608,2025-06-13 09:53:45,KO,55.33,394,buy,NYSE
tx_0007214,2025-06-13 09:53:46,TSLA,701.97,792,sell,NASDAQ
tx_0009050,2025-06-13 09:53:48,MA,348.51,671,sell,NYSE
tx_0002217,2025-06-13 09:53:53,AMZN,3591.4,342,buy,NASDAQ
tx_0005622,2025-06-13 09:53:53,AMZN,3537.79,756,sell,NASDAQ
tx_0006708,2025-06-13 09:53:53,PEP,150.35,812,sell,NYSE
tx_0000195,2025-06-13 09:53:54,PYPL,250.77,173,buy,NASDAQ
tx_0006378,2025-06-13 09:53:55,ADBE,612.66,463,buy,NASDAQ
tx_0007009,2025-06-13 09:53:56,JNJ,166.79,527,buy,NYSE
tx_0004127,2025-06-13 09:53:57,FB,328.49,141,sell,NASDAQ
tx_0009526,2025-06-13 09:53:57,V,217.47,119,,NYSE
tx_0001139,2025-06-13 09:53:58,MSFT,298.83,447,buy,NASDAQ
tx_0003080,2025-06-13 09:53:59,V,217.6,142,sell,NYSE
tx_0007018,2025-06-13 09:53:59,ADBE,614.37,255,sell,NASDAQ
tx_0000728,2025-06-13 09:53:59,DIS,179.81,691,sell,NYSE
tx_0005744,2025-06-13 09:54:01,GOOGL,2787.81,342,sell,NASDAQ
tx_0001099,2025-06-13 09:54:02,KO,54.7,303,buy,NYSE
tx_0000359,2025-06-13 09:54:04,MSFT,298.92,303,buy,NASDAQ
tx_0004098,2025-06-13 09:54:06,JNJ,165.01,848,buy,NYSE
tx_0007882,2025-06-13 09:54:06,TSLA,702.9,172,sell,NASDAQ
tx_0000690,2025-06-13 09:54:09,MCD,250.44,759,sell,
tx_0000887,2025-06-13 09:54:10,TSLA,696.91,764,buy,NASDAQ
tx_0008558,2025-06-13 09:54:10,JNJ,166.18,495,sell,NYSE
tx_0000360,2025-06-13 09:54:13,BRK.B,276.99,134,sell,NYSE
tx_0002413,2025-06-13 09:54:15,JNJ,166.31,420,buy,NYSE
tx_0001637,2025-06-13 09:54:18,DIS,177.83,776,buy,NYSE
tx_0000334,2025-06-13 09:54:19,NVDA,198.7,374,buy,NASDAQ
tx_0007716,2025-06-13 09:54:20,WMT,139.74,451,buy,NYSE
tx_0005473,2025-06-13 09:54:22,WMT,140.35,167,sell,NYSE
tx_0005520,2025-06-13 09:54:25,MA,349.42,275,buy,NYSE
tx_0008334,2025-06-13 09:54:25,PG,141.17,638,sell,NYSE
tx_0006087,2025-06-13 09:54:29,PEP,150.65,368,buy,NYSE
tx_0008680,2025-06-13 09:54:30,PYPL,250.82,404,sell,NASDAQ
tx_0007775,2025-06-13 09:54:31,FB,325.99,968,sell,NASDAQ
tx_0001512,2025-06-13 09:54:31,ADBE,612.21,894,buy,NASDAQ
tx_0000650,2025-06-13 09:54:34,NVDA,200.14,599,,NASDAQ
tx_0003875,2025-06-13 09:54:35,NFLX,511.13,599,,NASDAQ
tx_0005986,2025-06-13 09:54:37,V,217.59,777,sell,NYSE
tx_0009594,2025-06-13 09:54:37,MA,344.85,356,buy,NYSE
tx_0009273,2025-06-13 09:54:43,BRK.B,278.82,697,sell,NYSE
tx_0008198,2025-06-13 09:54:43,JNJ,166.92,417,sell,NYSE
tx_0001427,2025-06-13 09:54:46,AMZN,3536.78,622,buy,NASDAQ
tx_0006952,2025-06-13 09:54:47,KO,55.34,815,buy,NYSE
tx_0004477,2025-06-13 09:54:51,PEP,149.99,480,buy,NYSE
tx_0005949,2025-06-13 09:54:51,ADBE,616.19,598,sell,NASDAQ
tx_0006624,2025-06-13 09:54:52,AAPL,147.88,331,buy,NASDAQ
tx_0005974,2025-06-13 09:54:56,KO,55.66,521,sell,NYSE
tx_0009066,2025-06-13 09:54:56,PEP,150.98,462,sell,NYSE
tx_0005034,2025-06-13 09:54:56,JNJ,167.24,281,buy,NYSE
tx_0007996,2025-06-13 09:55:00,GOOGL,2748.12,755,buy,NASDAQ
tx_0008291,2025-06-13 09:55:02,NVDA,201.63,785,sell,NASDAQ
tx_0006493,2025-06-13 09:55:04,MCD,253.07,530,buy,NYSE
tx_0002805,2025-06-13 09:55:09,NVDA,198.17,847,sell,NASDAQ
tx_0003737,2025-06-13 09:55:11,PEP,152.2,883,buy,NYSE
tx_0003010,2025-06-13 09:55:18,MA,346.47,494,buy,NYSE
tx_0005697,2025-06-13 09:55:23,MA,350.05,369,sell,NYSE
tx_0004164,2025-06-13 09:55:24,MCD,252.88,880,buy,NYSE
tx_0007778,2025-06-13 09:55:24,PEP,150.21,462,buy,NYSE
tx_0008940,2025-06-13 09:55:26,NVDA,198.9,337,sell,NASDAQ
tx_0007566,2025-06-13 09:55:27,WMT,140.34,962,sell,NYSE
tx_0007313,2025-06-13 09:55:29,PEP,152.22,389,sell,NYSE
tx_0003974,2025-06-13 09:55:30,KO,55.18,909,buy,NYSE
tx_0006038,2025-06-13 09:55:30,WMT,141.1,598,buy,NYSE
tx_0007955,2025-06-13 09:55:34,DIS,180.87,848,sell,NYSE
tx_0002960,2025-06-13 09:55:35,FB,324.74,245,buy,NASDAQ
tx_0002412,2025-06-13 09:55:40,ADBE,606.63,956,buy,NASDAQ
tx_0002328,2025-06-13 09:55:43,TSLA,707.17,333,sell,NASDAQ
tx_0001335,2025-06-13 09:55:44,PG,140.31,766,sell,NYSE
tx_0004962,2025-06-13 09:55:45,V,215.81,667,buy,NYSE
tx_0000028,2025-06-13 09:55:45,PYPL,249.4,294,sell,NASDAQ
tx_0006347,2025-06-13 09:55:50,PYPL,252.99,741,buy,NASDAQ
tx_0000611,2025-06-13 09:55:54,ADBE,606.84,968,sell,NASDAQ
tx_0001284,2025-06-13 09:55:55,MSFT,299.2,267,buy,NASDAQ
tx_0000673,2025-06-13 09:56:02,PG,141.0,607,sell,NYSE
tx_0001129,2025-06-13 09:56:03,PYPL,250.57,903,sell,NASDAQ
tx_0003199,2025-06-13 09:56:03,TSLA,696.99,708,buy,NASDAQ
tx_0005491,2025-06-13 09:56:08,JNJ,167.05,554,buy,NYSE
tx_0003187,2025-06-13 09:56:13,AMZN,3557.29,230,buy,NASDAQ
tx_0000417,2025-06-13 09:56:14,NVDA,200.94,747,buy,NASDAQ
tx_0002678,2025-06-13 09:56:17,MCD,249.87,548,buy,NYSE
tx_0007966,2025-06-13 09:56:19,KO,55.08,689,,NYSE
tx_0006182,2025-06-13 09:56:21,AAPL,148.31,687,sell,NASDAQ
tx_0002346,2025-06-13 09:56:22,JNJ,166.79,652,sell,NYSE
tx_0001074,2025-06-13 09:56:24,NFLX,506.14,590,sell,NASDAQ
tx_0004773,2025-06-13 09:56:26,TSLA,698.93,772,buy,NASDAQ
tx_0009514,2025-06-13 09:56:31,NVDA,200.11,655,buy,NASDAQ
tx_0004770,2025-06-13 09:56:32,BRK.B,281.0,617,buy,NYSE
tx_0003162,2025-06-13 09:56:46,ADBE,613.05,588,buy,NASDAQ
tx_0008268,2025-06-13 09:56:55,V,216.98,164,sell,NYSE
tx_0004500,2025-06-13 09:56:55,PYPL,251.44,498,sell,NASDAQ
tx_0000165,2025-06-13 09:56:56,PEP,151.59,535,buy,NYSE
tx_0009317,2025-06-13 09:56:58,BRK.B,280.09,347,buy,NYSE
tx_0006522,2025-06-13 09:56:59,BRK.B,277.69,836,buy,NYSE
tx_0000550,2025-06-13 09:56:59,PEP,149.93,764,buy,NYSE
tx_0005570,2025-06-13 09:57:01,PEP,149.76,534,buy,NYSE
tx_0007397,2025-06-13 09:57:04,AAPL,149.13,608,buy,NASDAQ
tx_0001703,2025-06-13 09:57:18,NFLX,516.89,527,sell,NASDAQ
tx_0007036,2025-06-13 09:57:21,NFLX,514.69,561,buy,NASDAQ
tx_0004604,2025-06-13 09:57:23,BRK.B,280.4,852,buy,NYSE
tx_0005191,2025-06-13 09:57:24,PG,141.29,623,sell,NYSE
tx_0002171,2025-06-13 09:57:24,TSLA,703.58,293,sell,NASDAQ
tx_0009820,2025-06-13 09:57:26,DIS,178.42,393,buy,NYSE
tx_0006875,2025-06-13 09:57:34,MCD,254.18,691,buy,NYSE
tx_0002202,2025-06-13 09:57:37,TSLA,703.45,112,buy,NASDAQ
tx_0006034,2025-06-13 09:57:39,PYPL,248.63,689,sell,NASDAQ
tx_0000112,2025-06-13 09:57:45,GOOGL,2734.05,479,sell,NASDAQ
tx_0006960,2025-06-13 09:57:45,AAPL,148.87,487,sell,NASDAQ
tx_0003584,2025-06-13 09:57:45,GOOGL,2738.24,702,sell,NASDAQ
tx_0008850,2025-06-13 09:57:48,MA,,428,sell,NYSE
tx_0002189,2025-06-13 09:57:50,AAPL,147.7,881,sell,
tx_0004991,2025-06-13 09:57:52,PEP,150.64,128,sell,NYSE
tx_0005364,2025-06-13 09:57:56,PYPL,251.73,442,sell,NASDAQ
tx_0009115,2025-06-13 09:57:59,DIS,177.5,819,sell,NYSE
tx_0009552,2025-06-13 09:58:04,AMZN,3584.87,838,sell,NASDAQ
tx_0002114,2025-06-13 09:58:04,NVDA,196.77,174,sell,NASDAQ
tx_0005603,2025-06-13 09:58:05,MSFT,302.19,221,sell,
tx_0001076,2025-06-13 09:58:07,MCD,254.3,408,sell,NYSE
tx_0004297,2025-06-13 09:58:08,V,217.1,423,buy,NYSE
tx_0005890,2025-06-13 09:58:11,MA,349.41,798,sell,NYSE
tx_0008315,2025-06-13 09:58:11,NFLX,507.6,189,buy,NASDAQ
tx_0002643,2025-06-13 09:58:12,KO,55.29,113,sell,NYSE
tx_0009996,2025-06-13 09:58:18,NVDA,200.08,748,sell,NASDAQ
tx_0002629,2025-06-13 09:58:22,AMZN,3557.77,329,sell,NASDAQ
tx_0003564,2025-06-13 09:58:22,BRK.B,278.17,933,sell,NYSE
tx_0003655,2025-06-13 09:58:24,AMZN,3585.27,937,buy,NASDAQ
tx_0008476,2025-06-13 09:58:24,AMZN,3573.05,363,buy,NASDAQ
tx_0003560,2025-06-13 09:58:28,NFLX,509.05,894,buy,NASDAQ
tx_0009815,2025-06-13 09:58:33,KO,55.15,320,buy,NYSE
tx_0002560,2025-06-13 09:58:40,KO,55.19,556,buy,NYSE
tx_0002510,2025-06-13 09:58:44,AAPL,149.63,223,buy,NASDAQ
tx_0004483,2025-06-13 09:58:44,V,214.41,524,buy,NYSE
tx_0002703,2025-06-13 09:58:46,WMT,140.68,367,buy,NYSE
tx_0005709,2025-06-13 09:58:50,AAPL,147.54,998,buy,NASDAQ
tx_0008149,2025-06-13 09:58:54,GOOGL,2769.33,280,sell,NASDAQ
tx_0005272,2025-06-13 09:58:55,WMT,139.66,275,buy,NYSE
tx_0003476,2025-06-13 09:59:05,NFLX,509.29,306,buy,NASDAQ
tx_0000798,2025-06-13 09:59:05,AMZN,3535.2,978,sell,NASDAQ
tx_0000897,2025-06-13 09:59:09,ADBE,609.07,300,buy,NASDAQ
tx_0004819,2025-06-13 09:59:09,GOOGL,2754.21,347,buy,NASDAQ
tx_0001312,2025-06-13 09:59:11,KO,55.69,191,sell,NYSE
tx_0004807,2025-06-13 09:59:14,PG,141.94,267,sell,NYSE
tx_0009491,2025-06-13 09:59:20,KO,55.27,193,sell,NYSE
tx_0000845,2025-06-13 09:59:20,BRK.B,277.93,508,sell,NYSE
tx_0005235,2025-06-13 09:59:24,NFLX,514.12,378,sell,NASDAQ
tx_0009089,2025-06-13 09:59:24,NFLX,514.11,142,buy,NASDAQ
tx_0008687,2025-06-13 09:59:25,V,213.34,921,buy,NYSE
tx_0009092,2025-06-13 09:59:28,V,216.76,358,buy,NYSE
tx_0000494,2025-06-13 09:59:29,MSFT,301.04,501,buy,NASDAQ
tx_0004919,2025-06-13 09:59:31,NVDA,198.55,868,buy,NASDAQ
tx_0007541,2025-06-13 09:59:32,JNJ,162.94,745,sell,NYSE
tx_0008043,2025-06-13 09:59:38,MA,346.69,441,buy,NYSE
tx_0001019,2025-06-13 09:59:40,MA,346.93,627,buy,NYSE
tx_0001218,2025-06-13 09:59:44,GOOGL,2750.01,505,buy,NASDAQ
tx_0007976,2025-06-13 09:59:45,FB,323.48,134,buy,NASDAQ
tx_0001944,2025-06-13 09:59:47,ADBE,605.77,697,sell,NASDAQ
tx_0008972,2025-06-13 09:59:50,MA,346.41,346,buy,NYSE
tx_0003765,2025-06-13 09:59:54,BRK.B,279.84,547,sell,NYSE
tx_0007570,2025-06-13 10:00:04,V,216.85,578,sell,NYSE
tx_0004813,2025-06-13 10:00:07,NFLX,514.42,889,sell,NASDAQ
tx_0008935,2025-06-13 10:00:11,NVDA,197.92,476,sell,NASDAQ
tx_0006585,2025-06-13 10:00:12,ADBE,614.92,436,buy,NASDAQ
tx_0004398,2025-06-13 10:00:19,V,216.97,493,sell,NYSE
tx_0001293,2025-06-13 10:00:19,V,213.7,116,buy,NYSE
tx_0007484,2025-06-13 10:00:20,PEP,151.53,153,sell,NYSE
tx_0006292,2025-06-13 10:00:28,V,215.56,510,sell,NYSE
tx_0007924,2025-06-13 10:00:29,NVDA,198.42,663,buy,NASDAQ
tx_0007905,2025-06-13 10:00:35,PEP,150.11,229,sell,NYSE
tx_0002914,2025-06-13 10:00:37,KO,54.93,169,buy,NYSE
tx_0000881,2025-06-13 10:00:38,PG,141.18,634,sell,NYSE
tx_0009226,2025-06-13 10:00:43,DIS,177.64,678,buy,NYSE
tx_0002016,2025-06-13 10:00:47,FB,323.41,811,sell,NASDAQ
tx_0007674,2025-06-13 10:00:47,PYPL,250.03,168,buy,NASDAQ
tx_0007464,2025-06-13 10:00:49,TSLA,704.1,132,sell,NASDAQ
tx_0007986,2025-06-13 10:00:50,MA,345.07,929,sell,NYSE
tx_0005787,2025-06-13 10:00:54,DIS,177.89,306,sell,NYSE
tx_0006416,2025-06-13 10:00:56,JNJ,165.12,925,buy,NYSE
tx_0000284,2025-06-13 10:00:56,PEP,150.89,922,sell,NYSE
tx_0007119,2025-06-13 10:01:03,GOOGL,2746.32,683,buy,NASDAQ
tx_0003409,2025-06-13 10:01:04,WMT,139.61,989,buy,NYSE
tx_0004355,2025-06-13 10:01:08,TSLA,701.91,468,buy,NASDAQ
tx_0002572,2025-06-13 10:01:08,MCD,249.21,180,sell,NYSE
tx_0008455,2025-06-13 10:01:08,JNJ,162.41,686,sell,NYSE
tx_0000763,2025-06-13 10:01:10,FB,324.1,250,sell,NASDAQ
tx_0001524,2025-06-13 10:01:13,FB,323.45,938,buy,NASDAQ
tx_0006994,2025-06-13 10:01:13,FB,324.59,821,sell,NASDAQ
tx_0008103,2025-06-13 10:01:17,MCD,249.44,546,sell,NYSE
tx_0001545,2025-06-13 10:01:20,TSLA,704.96,396,sell,NASDAQ
tx_0005757,2025-06-13 10:01:20,MCD,253.19,305,sell,NYSE
tx_0005443,2025-06-13 10:01:24,TSLA,695.99,334,sell,NASDAQ
tx_0001566,2025-06-13 10:01:25,WMT,139.7,762,sell,NYSE
tx_0001515,2025-06-13 10:01:27,PYPL,248.62,128,buy,NASDAQ
tx_0005367,2025-06-13 10:01:29,MA,348.35,347,buy,NYSE
tx_0004038,2025-06-13 10:01:31,TSLA,692.27,610,buy,NASDAQ
tx_0001148,2025-06-13 10:01:33,AMZN,3531.42,512,sell,NASDAQ
tx_0009734,2025-06-13 10:01:38,PG,139.04,887,buy,NYSE
tx_0001891,2025-06-13 10:01:39,PYPL,250.44,932,buy,NASDAQ
tx_0009894,2025-06-13 10:01:39,GOOGL,2717.57,583,sell,NASDAQ
tx_0003990,2025-06-13 10:01:39,ADBE,610.81,493,sell,NASDAQ
tx_0003697,2025-06-13 10:01:43,NVDA,198.01,360,buy,NASDAQ
tx_0003127,2025-06-13 10:01:46,MCD,250.57,611,sell,NYSE
tx_0007885,2025-06-13 10:01:49,NVDA,199.2,399,sell,NASDAQ
tx_0008536,2025-06-13 10:01:57,V,216.23,738,buy,NYSE
tx_0000981,2025-06-13 10:02:00,NVDA,200.89,251,sell,NASDAQ
tx_0006972,2025-06-13 10:02:03,V,215.16,555,buy,NYSE
tx_0002268,2025-06-13 10:02:05,PYPL,249.69,635,sell,NASDAQ
tx_0006616,2025-06-13 10:02:07,BRK.B,280.01,837,buy,NYSE
tx_0000230,2025-06-13 10:02:09,BRK.B,277.73,960,buy,NYSE
tx_0008412,2025-06-13 10:02:19,BRK.B,280.83,451,buy,NYSE
tx_0000773,2025-06-13 10:02:22,TSLA,695.02,120,sell,NASDAQ
tx_0007961,2025-06-13 10:02:32,PYPL,249.4,690,buy,NASDAQ
tx_0002251,2025-06-13 10:02:36,PG,139.85,432,buy,NYSE
tx_0000711,2025-06-13 10:02:45,JNJ,163.76,526,sell,NYSE
tx_0000307,2025-06-13 10:02:48,PEP,151.17,551,buy,NYSE
tx_0006536,2025-06-13 10:02:53,TSLA,692.67,337,buy,NASDAQ
tx_0008990,2025-06-13 10:02:54,MA,346.66,906,buy,NYSE
tx_0009193,2025-06-13 10:02:58,FB,324.08,552,sell,NASDAQ
tx_0004949,2025-06-13 10:02:59,TSLA,694.32,365,buy,NASDAQ
tx_0008734,2025-06-13 10:03:01,BRK.B,277.22,121,sell,NYSE
tx_0000116,2025-06-13 10:03:05,MCD,249.65,911,buy,NYSE
tx_0009876,2025-06-13 10:03:09,AMZN,3547.46,707,sell,NASDAQ
tx_0002108,2025-06-13 10:03:13,V,216.87,604,sell,NYSE
tx_0007832,2025-06-13 10:03:14,PYPL,248.26,624,sell,NASDAQ
tx_0006229,2025-06-13 10:03:16,TSLA,697.71,527,buy,NASDAQ
tx_0009914,2025-06-13 10:03:17,MA,350.72,931,buy,NYSE
tx_0006894,2025-06-13 10:03:18,DIS,177.1,512,sell,NYSE
tx_0000048,2025-06-13 10:03:18,TSLA,696.91,258,buy,NASDAQ
tx_0009706,2025-06-13 10:03:23,TSLA,694.01,620,sell,NASDAQ
tx_0001262,2025-06-13 10:03:24,DIS,177.44,927,buy,NYSE
tx_0006353,2025-06-13 10:03:27,AAPL,148.84,674,buy,NASDAQ
tx_0007468,2025-06-13 10:03:30,MA,349.12,552,buy,NYSE
tx_0009121,2025-06-13 10:03:32,JNJ,162.18,762,buy,NYSE
tx_0004878,2025-06-13 10:03:33,GOOGL,2747.84,326,sell,NASDAQ
tx_0000176,2025-06-13 10:03:35,MSFT,303.16,221,buy,NASDAQ
tx_0001096,2025-06-13 10:03:40,AMZN,3546.33,864,buy,NASDAQ
tx_0007688,2025-06-13 10:03:42,NVDA,199.93,229,buy,NASDAQ
tx_0006357,2025-06-13 10:03:50,MA,344.88,749,buy,NYSE
tx_0004832,2025-06-13 10:03:50,V,216.82,223,buy,NYSE
tx_0003005,2025-06-13 10:03:51,MA,350.3,977,sell,NYSE
tx_0008884,2025-06-13 10:03:54,V,214.33,767,buy,NYSE
tx_0009966,2025-06-13 10:03:55,V,215.44,878,sell,NYSE
tx_0009825,2025-06-13 10:03:56,PG,138.36,379,sell,NYSE
tx_0003213,2025-06-13 10:03:57,BRK.B,278.32,781,sell,NYSE
tx_0000401,2025-06-13 10:04:01,KO,54.08,691,buy,NYSE
tx_0007607,2025-06-13 10:04:01,MSFT,300.66,676,buy,NASDAQ
tx_0000044,2025-06-13 10:04:02,PYPL,252.84,672,sell,NASDAQ
tx_0001073,2025-06-13 10:04:03,BRK.B,279.15,975,buy,NYSE
tx_0000974,2025-06-13 10:04:03,GOOGL,2754.64,652,buy,NASDAQ
tx_0000715,2025-06-13 10:04:03,PYPL,249.57,410,buy,NASDAQ
tx_0002487,2025-06-13 10:04:06,MSFT,300.99,950,sell,NASDAQ
tx_0009973,2025-06-13 10:04:08,AAPL,147.62,832,buy,NASDAQ
tx_0005438,2025-06-13 10:04:08,NFLX,516.98,369,buy,NASDAQ
tx_0003218,2025-06-13 10:04:10,GOOGL,2735.48,589,sell,NASDAQ
tx_0003540,2025-06-13 10:04:12,V,217.36,411,buy,NYSE
tx_0005965,2025-06-13 10:04:13,FB,322.55,180,sell,NASDAQ
tx_0005649,2025-06-13 10:04:13,PEP,151.65,827,sell,NYSE
tx_0007417,2025-06-13 10:04:16,BRK.B,275.37,383,,NYSE
tx_0006868,2025-06-13 10:04:17,MA,347.64,628,buy,NYSE
tx_0009768,2025-06-13 10:04:19,MA,345.11,176,sell,NYSE
tx_0001727,2025-06-13 10:04:20,KO,54.5,158,buy,NYSE
tx_0007562,2025-06-13 10:04:21,KO,53.8,742,buy,NYSE
tx_0004062,2025-06-13 10:04:24,WMT,138.64,325,buy,NYSE
tx_0008603,2025-06-13 10:04:25,PG,139.67,276,buy,NYSE
tx_0006317,2025-06-13 10:04:27,MSFT,304.84,638,buy,NASDAQ
tx_0001467,2025-06-13 10:04:28,TSLA,697.68,182,buy,NASDAQ
tx_0009426,2025-06-13 10:04:29,AMZN,3504.88,970,buy,NASDAQ
tx_0008752,2025-06-13 10:04:31,NFLX,515.09,408,buy,NASDAQ
tx_0009860,2025-06-13 10:04:33,NFLX,523.49,158,sell,NASDAQ
tx_0003332,2025-06-13 10:04:38,ADBE,607.99,958,buy,NASDAQ
tx_0004081,2025-06-13 10:04:38,TSLA,703.61,307,buy,NASDAQ
tx_0000907,2025-06-13 10:04:48,NVDA,197.69,354,buy,NASDAQ
tx_0009566,2025-06-13 10:04:49,WMT,140.65,444,sell,NYSE
tx_0006521,2025-06-13 10:04:49,PEP,152.29,769,buy,NYSE
tx_0003119,2025-06-13 10:04:50,DIS,176.71,699,sell,NYSE
tx_0008075,2025-06-13 10:04:51,PYPL,248.01,373,sell,NASDAQ
tx_0004270,2025-06-13 10:04:52,MA,344.22,444,buy,NYSE
tx_0006125,2025-06-13 10:04:54,PEP,151.71,420,buy,NYSE
tx_0003749,2025-06-13 10:04:55,MSFT,302.63,737,sell,NASDAQ
tx_0008700,2025-06-13 10:04:58,ADBE,607.35,721,sell,NASDAQ
tx_0001263,2025-06-13 10:05:00,V,215.79,435,sell,NYSE
tx_0005223,2025-06-13 10:05:03,ADBE,599.19,937,sell,NASDAQ
tx_0002661,2025-06-13 10:05:12,PG,138.46,224,buy,NYSE
tx_0007762,2025-06-13 10:05:12,GOOGL,2767.68,495,buy,NASDAQ
tx_0007164,2025-06-13 10:05:14,AAPL,150.29,194,buy,NASDAQ
tx_0001279,2025-06-13 10:05:16,PEP,150.82,768,buy,NYSE
tx_0004232,2025-06-13 10:05:17,BRK.B,279.68,705,sell,NYSE
tx_0001733,2025-06-13 10:05:17,NVDA,198.05,492,sell,NASDAQ
tx_0007594,2025-06-13 10:05:20,BRK.B,275.05,640,sell,NYSE
tx_0006494,2025-06-13 10:05:21,MCD,251.97,831,sell,NYSE
tx_0006189,2025-06-13 10:05:21,FB,322.42,405,buy,NASDAQ
tx_0002620,2025-06-13 10:05:28,DIS,177.48,769,sell,NYSE
tx_0004057,2025-06-13 10:05:31,NVDA,196.96,337,sell,NASDAQ
tx_0007729,2025-06-13 10:05:32,PYPL,250.69,731,buy,NASDAQ
tx_0007374,2025-06-13 10:05:34,JNJ,160.18,911,buy,NYSE
tx_0006864,2025-06-13 10:05:38,NVDA,197.97,640,sell,NASDAQ
tx_0008474,2025-06-13 10:05:39,NVDA,200.3,478,buy,NASDAQ
tx_0004705,2025-06-13 10:05:42,AMZN,3494.63,725,buy,NASDAQ
tx_0003390,2025-06-13 10:05:46,AMZN,3526.74,127,sell,NASDAQ
tx_0002311,2025-06-13 10:05:49,AAPL,148.35,945,sell,NASDAQ
tx_0005469,2025-06-13 10:05:50,WMT,139.86,410,sell,NYSE
tx_0000749,2025-06-13 10:05:51,FB,324.8,755,sell,NASDAQ
tx_0006976,2025-06-13 10:05:56,NVDA,198.75,766,sell,NASDAQ
tx_0005452,2025-06-13 10:05:56,ADBE,606.37,537,buy,NASDAQ
tx_0000203,2025-06-13 10:05:58,KO,54.48,111,buy,NYSE
tx_0008370,2025-06-13 10:05:59,PEP,151.54,986,sell,NYSE
tx_0008243,2025-06-13 10:06:03,TSLA,698.73,820,sell,NASDAQ
tx_0006880,2025-06-13 10:06:04,KO,54.39,829,buy,NYSE
tx_0007656,2025-06-13 10:06:04,BRK.B,274.17,708,sell,NYSE
tx_0001661,2025-06-13 10:06:04,NFLX,524.21,704,sell,NASDAQ
tx_0004601,2025-06-13 10:06:05,AMZN,3497.07,494,sell,NASDAQ
tx_0004989,2025-06-13 10:06:08,BRK.B,275.53,721,buy,NYSE
tx_0001682,2025-06-13 10:06:09,GOOGL,2747.95,109,buy,NASDAQ
tx_0002760,2025-06-13 10:06:11,NFLX,515.76,822,sell,NASDAQ
tx_0006559,2025-06-13 10:06:12,WMT,140.14,914,buy,NYSE
tx_0003530,2025-06-13 10:06:13,TSLA,692.19,510,sell,NASDAQ
tx_0004256,2025-06-13 10:06:19,GOOGL,2759.22,509,buy,NASDAQ
tx_0007064,2025-06-13 10:06:21,AMZN,3500.87,200,sell,NASDAQ
tx_0007030,2025-06-13 10:06:22,JNJ,159.93,503,buy,NYSE
tx_0002768,2025-06-13 10:06:24,NFLX,520.52,788,buy,NASDAQ
tx_0001604,2025-06-13 10:06:27,TSLA,695.88,464,sell,NASDAQ
tx_0002571,2025-06-13 10:06:28,TSLA,693.29,283,sell,NASDAQ
tx_0008865,2025-06-13 10:06:34,PEP,153.23,475,sell,NYSE
tx_0001584,2025-06-13 10:06:39,TSLA,701.09,603,buy,NASDAQ
tx_0007284,2025-06-13 10:06:42,TSLA,698.28,856,buy,NASDAQ
tx_0007466,2025-06-13 10:06:43,NFLX,522.41,461,buy,NASDAQ
tx_0001872,2025-06-13 10:06:45,GOOGL,2743.11,931,sell,NASDAQ
tx_0003583,2025-06-13 10:06:50,NVDA,197.36,206,sell,NASDAQ
tx_0005121,2025-06-13 10:06:51,FB,325.18,374,buy,NASDAQ
tx_0001450,2025-06-13 10:06:51,AMZN,3525.76,510,buy,NASDAQ
tx_0007584,2025-06-13 10:06:52,AAPL,148.38,792,sell,NASDAQ
tx_0007973,2025-06-13 10:06:59,PEP,150.57,572,sell,NYSE
tx_0002759,2025-06-13 10:07:03,MCD,251.01,294,sell,NYSE
tx_0005368,2025-06-13 10:07:06,ADBE,596.27,966,buy,NASDAQ
tx_0006246,2025-06-13 10:07:08,FB,326.72,488,sell,NASDAQ
tx_0004621,2025-06-13 10:07:11,GOOGL,2718.2,871,buy,NASDAQ
tx_0008120,2025-06-13 10:07:12,MA,341.26,908,sell,NYSE
tx_0003536,2025-06-13 10:07:15,FB,321.27,972,buy,NASDAQ
tx_0002127,2025-06-13 10:07:16,PYPL,246.82,606,sell,NASDAQ
tx_0006761,2025-06-13 10:07:17,MA,344.92,339,sell,NYSE
tx_0001327,2025-06-13 10:07:20,WMT,139.06,899,sell,NYSE
tx_0003208,2025-06-13 10:07:27,NVDA,198.89,620,sell,NASDAQ
tx_0005476,2025-06-13 10:07:29,GOOGL,2754.13,750,sell,NASDAQ
tx_0002092,2025-06-13 10:07:32,KO,54.43,856,buy,NYSE
tx_0006261,2025-06-13 10:07:33,GOOGL,2735.75,559,sell,NASDAQ
tx_0005842,2025-06-13 10:07:35,WMT,139.63,200,sell,NYSE
tx_0003109,2025-06-13 10:07:37,V,214.4,944,sell,NYSE
tx_0007075,2025-06-13 10:07:38,PYPL,246.59,476,sell,NASDAQ
tx_0002445,2025-06-13 10:07:40,MA,340.36,774,buy,NYSE
tx_0005068,2025-06-13 10:07:42,AMZN,3509.72,369,sell,NASDAQ
tx_0005123,2025-06-13 10:07:45,PEP,150.24,467,buy,NYSE
tx_0008244,2025-06-13 10:07:47,JNJ,162.04,870,buy,NYSE
tx_0006683,2025-06-13 10:07:50,AAPL,147.26,505,buy,NASDAQ
tx_0006081,2025-06-13 10:07:58,KO,54.18,502,sell,NYSE
tx_0001358,2025-06-13 10:08:00,NVDA,199.09,846,buy,NASDAQ
tx_0003812,2025-06-13 10:08:00,PEP,151.02,609,buy,
tx_0008477,2025-06-13 10:08:01,JNJ,163.48,115,buy,NYSE
tx_0009211,2025-06-13 10:08:02,BRK.B,274.48,981,buy,NYSE
tx_0003942,2025-06-13 10:08:04,DIS,178.48,114,buy,NYSE
tx_0008083,2025-06-13 10:08:04,GOOGL,2754.07,228,sell,NASDAQ
tx_0002519,2025-06-13 10:08:13,JNJ,162.61,566,sell,NYSE
tx_0005884,2025-06-13 10:08:16,WMT,139.04,954,sell,NYSE
tx_0004503,2025-06-13 10:08:16,GOOGL,2732.4,148,buy,NASDAQ
tx_0008366,2025-06-13 10:08:23,PYPL,246.8,549,sell,NASDAQ
tx_0007913,2025-06-13 10:08:23,WMT,139.4,495,buy,NYSE
tx_0007780,2025-06-13 10:08:27,AAPL,148.96,529,sell,NASDAQ
tx_0006424,2025-06-13 10:08:27,AAPL,147.37,133,sell,NASDAQ
tx_0007875,2025-06-13 10:08:29,MSFT,299.22,189,buy,NASDAQ
tx_0006876,2025-06-13 10:08:31,KO,54.78,491,buy,NYSE
tx_0003150,2025-06-13 10:08:33,MCD,250.74,339,sell,NYSE
tx_0006094,2025-06-13 10:08:35,NVDA,198.04,178,sell,NASDAQ
tx_0006722,2025-06-13 10:08:37,ADBE,595.23,747,sell,NASDAQ
tx_0004584,2025-06-13 10:08:39,WMT,138.13,498,buy,NYSE
tx_0002916,2025-06-13 10:08:40,GOOGL,2732.46,472,sell,NASDAQ
tx_0008529,2025-06-13 10:08:40,BRK.B,274.15,698,sell,NYSE
tx_0000875,2025-06-13 10:08:41,JNJ,163.22,283,buy,NYSE
tx_0004444,2025-06-13 10:08:48,FB,324.85,408,buy,NASDAQ
tx_0003554,2025-06-13 10:08:52,KO,54.24,285,sell,NYSE
tx_0009437,2025-06-13 10:08:58,TSLA,706.38,847,sell,NASDAQ
tx_0003355,2025-06-13 10:08:59,BRK.B,278.04,213,buy,NYSE
tx_0002851,2025-06-13 10:08:59,WMT,139.49,858,sell,NYSE
tx_0007291,2025-06-13 10:09:01,AMZN,3503.73,203,buy,NASDAQ
tx_0002717,2025-06-13 10:09:06,MCD,253.73,369,sell,NYSE
tx_0008770,2025-06-13 10:09:07,MA,342.89,112,sell,NYSE
tx_0003814,2025-06-13 10:09:11,FB,324.61,563,buy,NASDAQ
tx_0005238,2025-06-13 10:09:15,PEP,150.79,394,buy,NYSE
tx_0007328,2025-06-13 10:09:17,GOOGL,2718.93,635,,NASDAQ
tx_0008460,2025-06-13 10:09:22,NVDA,196.98,357,sell,NASDAQ
tx_0005132,2025-06-13 10:09:22,MA,345.07,178,sell,NYSE
tx_0003116,2025-06-13 10:09:23,TSLA,704.13,701,sell,NASDAQ
tx_0002709,2025-06-13 10:09:26,BRK.B,275.66,216,sell,NYSE
tx_0003131,2025-06-13 10:09:27,PEP,153.05,454,sell,NYSE
tx_0004518,2025-06-13 10:09:27,V,215.47,684,buy,NYSE
tx_0006688,2025-06-13 10:09:28,MSFT,299.18,473,buy,NASDAQ
tx_0006420,2025-06-13 10:09:30,DIS,179.32,546,buy,NYSE
tx_0009513,2025-06-13 10:09:32,DIS,178.4,944,buy,NYSE
tx_0008739,2025-06-13 10:09:34,PYPL,245.1,231,sell,NASDAQ
tx_0005852,2025-06-13 10:09:37,DIS,178.32,742,sell,NYSE
tx_0006640,2025-06-13 10:09:42,MCD,249.3,677,sell,NYSE
tx_0009247,2025-06-13 10:09:47,PYPL,246.41,616,sell,NASDAQ
tx_0005116,2025-06-13 10:09:48,TSLA,701.85,379,sell,NASDAQ
tx_0004162,2025-06-13 10:09:55,V,214.9,369,buy,NYSE
tx_0007596,2025-06-13 10:09:55,WMT,140.84,180,buy,
tx_0006335,2025-06-13 10:10:03,AMZN,3497.14,352,sell,NASDAQ
tx_0003585,2025-06-13 10:10:03,AAPL,149.32,402,buy,NASDAQ
tx_0005224,2025-06-13 10:10:03,V,214.74,348,buy,NYSE
tx_0006382,2025-06-13 10:10:06,TSLA,700.51,729,sell,NASDAQ
tx_0000252,2025-06-13 10:10:06,TSLA,704.86,418,sell,NASDAQ
tx_0003465,2025-06-13 10:10:09,KO,54.79,278,sell,NYSE
tx_0008947,2025-06-13 10:10:10,WMT,140.13,546,sell,NYSE
tx_0006768,2025-06-13 10:10:10,DIS,175.4,471,buy,
tx_0007403,2025-06-13 10:10:12,MCD,252.77,140,sell,NYSE
tx_0007953,2025-06-13 10:10:14,NFLX,517.37,478,buy,NASDAQ
tx_0002947,2025-06-13 10:10:23,MCD,251.6,932,sell,NYSE
tx_0008565,2025-06-13 10:10:24,JNJ,161.33,535,sell,NYSE
tx_0007964,2025-06-13 10:10:29,MCD,250.22,724,sell,NYSE
tx_0005128,2025-06-13 10:10:31,PG,139.9,599,sell,NYSE
tx_0001202,2025-06-13 10:10:34,ADBE,600.98,646,sell,NASDAQ
tx_0001663,2025-06-13 10:10:34,WMT,139.02,611,buy,NYSE
tx_0009131,2025-06-13 10:10:36,AAPL,148.94,342,buy,NASDAQ
tx_0004050,2025-06-13 10:10:36,MA,340.54,746,sell,NYSE
tx_0004139,2025-06-13 10:10:40,DIS,176.23,422,sell,NYSE
tx_0000040,2025-06-13 10:10:41,PG,138.66,326,buy,NYSE
tx_0004983,2025-06-13 10:10:42,MCD,250.15,323,buy,NYSE
tx_0006904,2025-06-13 10:10:46,AAPL,147.34,854,sell,NASDAQ
tx_0004046,2025-06-13 10:10:46,KO,54.3,616,buy,NYSE
tx_0002045,2025-06-13 10:10:51,WMT,139.0,903,buy,NYSE
tx_0007254,2025-06-13 10:10:57,AAPL,146.76,902,,NASDAQ
tx_0006064,2025-06-13 10:10:58,NVDA,198.14,278,buy,NASDAQ
tx_0003673,2025-06-13 10:11:03,DIS,178.33,161,buy,NYSE
tx_0007139,2025-06-13 10:11:07,GOOGL,2753.37,553,buy,NASDAQ
tx_0009587,2025-06-13 10:11:10,AMZN,3524.86,424,buy,NASDAQ
tx_0004219,2025-06-13 10:11:13,MSFT,296.13,588,sell,NASDAQ
tx_0007746,2025-06-13 10:11:20,MA,345.22,860,buy,NYSE
tx_0003047,2025-06-13 10:11:20,NFLX,522.65,231,sell,NASDAQ
tx_0009488,2025-06-13 10:11:22,ADBE,600.25,572,buy,NASDAQ
tx_0005465,2025-06-13 10:11:23,BRK.B,276.85,384,sell,NYSE
tx_0003177,2025-06-13 10:11:29,NVDA,196.35,856,sell,NASDAQ
tx_0009377,2025-06-13 10:11:35,MA,346.95,839,buy,NYSE
tx_0004927,2025-06-13 10:11:36,V,216.31,565,sell,NYSE
tx_0001517,2025-06-13 10:11:38,NVDA,197.28,898,buy,NASDAQ
tx_0006230,2025-06-13 10:11:40,PYPL,248.77,200,buy,NASDAQ
tx_0004771,2025-06-13 10:11:42,PG,140.32,911,buy,NYSE
tx_0004959,2025-06-13 10:11:43,AMZN,3509.2,827,sell,NASDAQ
tx_0005517,2025-06-13 10:11:44,FB,325.83,313,buy,NASDAQ
tx_0000575,2025-06-13 10:11:44,NVDA,199.92,467,sell,NASDAQ
tx_0009329,2025-06-13 10:11:45,MSFT,299.39,787,buy,NASDAQ
tx_0008214,2025-06-13 10:11:45,KO,54.45,115,sell,NYSE
tx_0005788,2025-06-13 10:11:47,KO,54.82,218,buy,NYSE
tx_0008015,2025-06-13 10:11:48,MCD,250.55,698,sell,NYSE
tx_0000139,2025-06-13 10:11:50,PYPL,248.47,279,buy,NASDAQ
tx_0008979,2025-06-13 10:11:51,BRK.B,278.98,143,sell,NYSE
tx_0004950,2025-06-13 10:11:51,AMZN,3542.32,211,buy,NASDAQ
tx_0005035,2025-06-13 10:11:59,GOOGL,2761.74,276,sell,NASDAQ
tx_0007990,2025-06-13 10:12:02,AMZN,3542.24,247,buy,NASDAQ
tx_0008395,2025-06-13 10:12:02,KO,54.75,225,sell,NYSE
tx_0002381,2025-06-13 10:12:02,DIS,176.11,447,buy,NYSE
tx_0008802,2025-06-13 10:12:03,AAPL,148.43,471,sell,NASDAQ
tx_0005855,2025-06-13 10:12:03,PEP,151.26,206,sell,NYSE
tx_0007159,2025-06-13 10:12:05,BRK.B,279.28,936,sell,NYSE
tx_0009237,2025-06-13 10:12:06,NFLX,520.25,755,buy,NASDAQ
tx_0006069,2025-06-13 10:12:10,MSFT,302.08,531,buy,NASDAQ
tx_0007952,2025-06-13 10:12:10,BRK.B,275.14,458,buy,NYSE
tx_0008991,2025-06-13 10:12:18,PG,141.21,869,buy,NYSE
tx_0008904,2025-06-13 10:12:19,JNJ,161.44,514,buy,NYSE
tx_0008293,2025-06-13 10:12:21,BRK.B,279.54,286,buy,NYSE
tx_0006214,2025-06-13 10:12:22,NFLX,525.78,144,sell,NASDAQ
tx_0002078,2025-06-13 10:12:23,KO,54.98,752,buy,NYSE
tx_0006882,2025-06-13 10:12:28,PG,140.54,448,buy,NYSE
tx_0002446,2025-06-13 10:12:30,BRK.B,275.64,169,sell,NYSE
tx_0004923,2025-06-13 10:12:34,PYPL,245.45,316,buy,NASDAQ
tx_0009619,2025-06-13 10:12:34,AMZN,3523.99,451,sell,NASDAQ
tx_0003643,2025-06-13 10:12:35,NVDA,196.82,188,buy,NASDAQ
tx_0007713,2025-06-13 10:12:35,JNJ,162.39,468,buy,NYSE
tx_0008425,2025-06-13 10:12:37,MSFT,299.3,269,buy,NASDAQ
tx_0001490,2025-06-13 10:12:39,ADBE,592.77,228,sell,NASDAQ
tx_0005067,2025-06-13 10:12:40,MA,342.36,279,sell,NYSE
tx_0003427,2025-06-13 10:12:40,MSFT,300.21,555,buy,NASDAQ
tx_0005889,2025-06-13 10:12:53,DIS,175.93,503,buy,NYSE
tx_0003724,2025-06-13 10:12:56,V,215.72,672,buy,NYSE
tx_0001319,2025-06-13 10:12:58,MSFT,301.63,170,buy,NASDAQ
tx_0008561,2025-06-13 10:12:59,BRK.B,278.96,534,sell,NYSE
tx_0005569,2025-06-13 10:13:05,PYPL,248.55,439,buy,NASDAQ
tx_0006354,2025-06-13 10:13:10,PEP,152.49,197,sell,NYSE
tx_0006771,2025-06-13 10:13:11,V,214.39,806,buy,NYSE
tx_0008419,2025-06-13 10:13:14,GOOGL,2751.88,203,sell,NASDAQ
tx_0008526,2025-06-13 10:13:17,NVDA,199.75,951,buy,NASDAQ
tx_0003711,2025-06-13 10:13:17,TSLA,709.99,298,,NASDAQ
tx_0002209,2025-06-13 10:13:20,KO,55.07,986,buy,NYSE
tx_0002702,2025-06-13 10:13:20,KO,54.39,411,sell,NYSE
tx_0003065,2025-06-13 10:13:21,WMT,138.66,382,buy,NYSE
tx_0006453,2025-06-13 10:13:24,JNJ,162.95,151,buy,NYSE
tx_0001652,2025-06-13 10:13:26,PEP,150.49,425,sell,NYSE
tx_0005080,2025-06-13 10:13:26,PG,140.7,200,sell,NYSE
tx_0008320,2025-06-13 10:13:29,ADBE,589.54,545,sell,NASDAQ
tx_0002836,2025-06-13 10:13:29,JNJ,161.89,543,buy,NYSE
tx_0006344,2025-06-13 10:13:30,BRK.B,276.01,365,sell,NYSE
tx_0005327,2025-06-13 10:13:31,DIS,178.15,452,buy,NYSE
tx_0008354,2025-06-13 10:13:31,AMZN,3513.18,942,buy,NASDAQ
tx_0001317,2025-06-13 10:13:32,PG,141.6,354,buy,NYSE
tx_0009069,2025-06-13 10:13:32,DIS,175.68,474,buy,NYSE
tx_0007643,2025-06-13 10:13:33,NVDA,198.57,430,buy,NASDAQ
tx_0006175,2025-06-13 10:13:34,NFLX,518.85,223,buy,NASDAQ
tx_0007552,2025-06-13 10:13:34,JNJ,161.13,558,buy,NYSE
tx_0007573,2025-06-13 10:13:37,NFLX,526.97,178,sell,NASDAQ
tx_0009539,2025-06-13 10:13:39,PEP,152.2,259,buy,NYSE
tx_0001189,2025-06-13 10:13:41,KO,54.6,810,buy,NYSE
tx_0005017,2025-06-13 10:13:47,NVDA,198.38,369,buy,NASDAQ
tx_0006166,2025-06-13 10:13:48,PG,139.09,485,sell,NYSE
tx_0004436,2025-06-13 10:13:51,PEP,152.72,188,buy,NYSE
tx_0009205,2025-06-13 10:13:53,NVDA,199.16,529,buy,NASDAQ
tx_0000033,2025-06-13 10:13:59,DIS,177.06,232,sell,NYSE
tx_0001014,2025-06-13 10:14:00,NFLX,518.67,216,buy,NASDAQ
tx_0009133,2025-06-13 10:14:02,PG,141.22,839,buy,NYSE
tx_0001807,2025-06-13 10:14:02,PYPL,248.23,422,buy,NASDAQ
tx_0004209,2025-06-13 10:14:10,NFLX,527.89,737,sell,NASDAQ
tx_0009630,2025-06-13 10:14:14,MA,341.9,810,sell,NYSE
tx_0007315,2025-06-13 10:14:14,MSFT,303.71,720,sell,NASDAQ
tx_0005767,2025-06-13 10:14:15,NVDA,196.12,413,sell,NASDAQ
tx_0005568,2025-06-13 10:14:16,PG,140.39,285,sell,
tx_0004511,2025-06-13 10:14:22,PEP,150.63,291,,NYSE
tx_0005413,2025-06-13 10:14:25,MSFT,303.03,785,sell,NASDAQ
tx_0006781,2025-06-13 10:14:27,TSLA,703.56,201,buy,NASDAQ
tx_0001192,2025-06-13 10:14:32,PG,140.47,955,sell,NYSE
tx_0007517,2025-06-13 10:14:35,BRK.B,279.05,776,buy,NYSE
tx_0004508,2025-06-13 10:14:35,MA,344.67,837,buy,NYSE
tx_0000646,2025-06-13 10:14:36,PEP,149.64,942,sell,NYSE
tx_0001925,2025-06-13 10:14:36,NVDA,197.47,777,sell,NASDAQ
tx_0009486,2025-06-13 10:14:44,V,212.91,936,sell,NYSE
tx_0006419,2025-06-13 10:14:44,NFLX,526.27,915,buy,NASDAQ
tx_0005903,2025-06-13 10:14:45,PG,139.8,964,sell,NYSE
tx_0001521,2025-06-13 10:14:48,GOOGL,2772.41,425,buy,NASDAQ
tx_0007020,2025-06-13 10:14:49,ADBE,598.76,656,sell,NASDAQ
tx_0003908,2025-06-13 10:14:52,WMT,138.63,748,sell,NYSE
tx_0008505,2025-06-13 10:14:56,PEP,150.24,172,sell,NYSE
tx_0001230,2025-06-13 10:15:03,TSLA,709.9,222,buy,NASDAQ
tx_0003189,2025-06-13 10:15:04,NFLX,519.75,737,sell,NASDAQ
tx_0003827,2025-06-13 10:15:06,NFLX,519.74,481,buy,NASDAQ
tx_0009790,2025-06-13 10:15:08,WMT,137.76,101,sell,NYSE
tx_0007932,2025-06-13 10:15:09,PYPL,247.91,556,sell,NASDAQ
tx_0000016,2025-06-13 10:15:10,ADBE,596.99,944,buy,NASDAQ
tx_0001452,2025-06-13 10:15:10,GOOGL,2742.61,523,sell,NASDAQ
tx_0000301,2025-06-13 10:15:12,BRK.B,275.08,735,buy,NYSE
tx_0004217,2025-06-13 10:15:13,MA,346.01,823,buy,NYSE
tx_0006209,2025-06-13 10:15:14,TSLA,711.34,156,buy,NASDAQ
tx_0009806,2025-06-13 10:15:14,TSLA,701.23,296,buy,NASDAQ
tx_0003302,2025-06-13 10:15:15,JNJ,162.18,812,sell,NYSE
tx_0000200,2025-06-13 10:15:16,PEP,149.94,511,sell,NYSE
tx_0005939,2025-06-13 10:15:21,MCD,252.08,506,buy,NYSE
tx_0007833,2025-06-13 10:15:22,PG,140.07,645,buy,NYSE
tx_0001254,2025-06-13 10:15:22,AMZN,3485.44,997,buy,NASDAQ
tx_0001692,2025-06-13 10:15:32,AAPL,148.09,778,sell,NASDAQ
tx_0004837,2025-06-13 10:15:41,MCD,251.92,300,sell,NYSE
tx_0008540,2025-06-13 10:15:43,KO,54.92,131,sell,NYSE
tx_0005941,2025-06-13 10:15:46,GOOGL,2765.09,620,buy,NASDAQ
tx_0006443,2025-06-13 10:15:51,PEP,150.91,540,sell,NYSE
tx_0001370,2025-06-13 10:15:53,TSLA,707.62,319,sell,NASDAQ
tx_0009613,2025-06-13 10:15:57,TSLA,709.37,931,buy,NASDAQ
tx_0005288,2025-06-13 10:16:02,AAPL,146.73,590,buy,NASDAQ
tx_0007234,2025-06-13 10:16:06,MCD,251.11,595,sell,NYSE
tx_0001978,2025-06-13 10:16:06,WMT,138.39,983,buy,NYSE
tx_0007605,2025-06-13 10:16:07,PEP,151.78,277,buy,NYSE
tx_0003212,2025-06-13 10:16:09,V,216.89,436,sell,NYSE
tx_0005645,2025-06-13 10:16:10,JNJ,161.97,311,sell,NYSE
tx_0003056,2025-06-13 10:16:11,ADBE,601.78,360,sell,NASDAQ
tx_0009775,2025-06-13 10:16:12,TSLA,701.65,313,sell,NASDAQ
tx_0006008,2025-06-13 10:16:14,DIS,175.32,902,sell,NYSE
tx_0007622,2025-06-13 10:16:14,AMZN,3500.28,447,buy,NASDAQ
tx_0001373,2025-06-13 10:16:14,NVDA,195.8,572,sell,NASDAQ
tx_0008818,2025-06-13 10:16:14,DIS,,629,buy,NYSE
tx_0008151,2025-06-13 10:16:20,PEP,151.57,389,buy,NYSE
tx_0006660,2025-06-13 10:16:20,PYPL,246.44,439,buy,NASDAQ
tx_0002581,2025-06-13 10:16:20,MA,346.17,629,buy,NYSE
tx_0008772,2025-06-13 10:16:23,PEP,150.21,356,buy,NYSE
tx_0007806,2025-06-13 10:16:25,NVDA,198.03,371,buy,NASDAQ
tx_0008351,2025-06-13 10:16:28,AMZN,3519.6,121,sell,NASDAQ
tx_0003880,2025-06-13 10:16:31,DIS,176.86,368,buy,NYSE
tx_0006080,2025-06-13 10:16:32,BRK.B,276.88,380,sell,NYSE
tx_0003602,2025-06-13 10:16:33,WMT,139.68,526,sell,NYSE
tx_0006598,2025-06-13 10:16:36,AAPL,146.23,799,sell,
tx_0003598,2025-06-13 10:16:40,AAPL,148.38,911,buy,NASDAQ
tx_0003922,2025-06-13 10:16:42,JNJ,161.72,643,sell,NYSE
tx_0002392,2025-06-13 10:16:43,ADBE,602.37,409,sell,NASDAQ
tx_0008356,2025-06-13 10:16:43,PEP,152.16,517,buy,NYSE
tx_0005921,2025-06-13 10:16:45,TSLA,709.09,286,sell,NASDAQ
tx_0009910,2025-06-13 10:16:50,KO,54.19,563,buy,NYSE
tx_0000060,2025-06-13 10:16:51,DIS,177.39,992,sell,NYSE
tx_0008522,2025-06-13 10:16:53,ADBE,595.26,961,buy,NASDAQ
tx_0008302,2025-06-13 10:16:56,AMZN,3514.06,774,buy,NASDAQ
tx_0008539,2025-06-13 10:16:56,WMT,139.8,532,sell,NYSE
tx_0004360,2025-06-13 10:16:57,BRK.B,278.05,527,buy,NYSE
tx_0007290,2025-06-13 10:16:58,DIS,176.47,828,buy,NYSE
tx_0004366,2025-06-13 10:17:02,AMZN,3500.59,754,buy,NASDAQ
tx_0003593,2025-06-13 10:17:03,AMZN,3446.64,908,sell,NASDAQ
tx_0005993,2025-06-13 10:17:18,MCD,250.7,425,sell,NYSE
tx_0008190,2025-06-13 10:17:23,DIS,176.02,748,sell,NYSE
tx_0008305,2025-06-13 10:17:26,PYPL,247.09,705,sell,NASDAQ
tx_0001654,2025-06-13 10:17:28,AAPL,148.92,464,buy,NASDAQ
tx_0000826,2025-06-13 10:17:28,AAPL,147.61,174,sell,NASDAQ
tx_0008795,2025-06-13 10:17:28,AMZN,3447.42,685,sell,NASDAQ
tx_0006805,2025-06-13 10:17:31,DIS,175.19,705,buy,NYSE
tx_0007173,2025-06-13 10:17:31,AAPL,149.45,374,buy,NASDAQ
tx_0006879,2025-06-13 10:17:34,AAPL,147.87,966,buy,NASDAQ
tx_0007647,2025-06-13 10:17:40,DIS,176.1,822,buy,NYSE
tx_0004951,2025-06-13 10:17:42,WMT,138.98,103,sell,NYSE
tx_0007636,2025-06-13 10:17:45,AMZN,3459.84,964,buy,NASDAQ
tx_0002565,2025-06-13 10:17:49,PYPL,249.81,258,sell,NASDAQ
tx_0000381,2025-06-13 10:17:51,AAPL,149.13,593,sell,NASDAQ
tx_0004968,2025-06-13 10:17:52,MA,346.99,805,sell,NYSE
tx_0000786,2025-06-13 10:17:54,KO,54.25,888,sell,NYSE
tx_0003352,2025-06-13 10:17:55,WMT,137.9,723,sell,NYSE
tx_0005711,2025-06-13 10:17:58,NFLX,522.15,513,sell,NASDAQ
tx_0009883,2025-06-13 10:17:59,PEP,149.99,815,sell,NYSE
tx_0002532,2025-06-13 10:18:04,PYPL,248.59,534,sell,NASDAQ
tx_0009847,2025-06-13 10:18:05,WMT,137.2,857,sell,NYSE
tx_0008730,2025-06-13 10:18:10,GOOGL,2737.53,923,sell,NASDAQ
tx_0008809,2025-06-13 10:18:11,JNJ,163.36,759,sell,NYSE
tx_0005006,2025-06-13 10:18:13,V,217.93,770,sell,NYSE
tx_0003402,2025-06-13 10:18:15,V,217.93,187,sell,NYSE
tx_0003211,2025-06-13 10:18:16,PEP,152.05,224,sell,NYSE
tx_0003829,2025-06-13 10:18:17,NFLX,523.32,982,sell,NASDAQ
tx_0004619,2025-06-13 10:18:17,AAPL,149.04,267,buy,NASDAQ
tx_0002919,2025-06-13 10:18:18,TSLA,704.29,864,sell,NASDAQ
tx_0003023,2025-06-13 10:18:21,MSFT,300.29,273,buy,NASDAQ
tx_0003641,2025-06-13 10:18:21,NVDA,199.17,611,sell,NASDAQ
tx_0004574,2025-06-13 10:18:30,FB,327.89,686,buy,NASDAQ
tx_0008255,2025-06-13 10:18:30,AMZN,3496.6,516,sell,NASDAQ
tx_0009503,2025-06-13 10:18:31,BRK.B,276.7,810,sell,NYSE
tx_0000379,2025-06-13 10:18:32,AAPL,149.97,794,sell,NASDAQ
tx_0000302,2025-06-13 10:18:33,V,215.59,794,buy,NYSE
tx_0008181,2025-06-13 10:18:38,PG,141.38,727,sell,NYSE
tx_0007130,2025-06-13 10:18:41,AAPL,147.61,665,sell,NASDAQ
tx_0007424,2025-06-13 10:18:41,GOOGL,2769.03,449,buy,NASDAQ
tx_0001624,2025-06-13 10:18:41,KO,54.37,597,buy,NYSE
tx_0006827,2025-06-13 10:18:42,V,215.39,115,buy,NYSE
tx_0005467,2025-06-13 10:18:43,MA,342.59,258,sell,NYSE
tx_0008300,2025-06-13 10:18:46,NVDA,196.39,854,buy,NASDAQ
tx_0001658,2025-06-13 10:18:48,KO,54.15,937,buy,NYSE
tx_0006202,2025-06-13 10:18:48,BRK.B,275.8,439,sell,NYSE
tx_0006049,2025-06-13 10:18:50,JNJ,160.52,618,sell,NYSE
tx_0000057,2025-06-13 10:18:54,AAPL,148.17,409,sell,NASDAQ
tx_0004854,2025-06-13 10:18:57,AAPL,149.24,332,sell,NASDAQ
tx_0002783,2025-06-13 10:18:58,NVDA,198.27,235,buy,NASDAQ
tx_0000185,2025-06-13 10:19:01,KO,53.99,232,sell,NYSE
tx_0000985,2025-06-13 10:19:01,PYPL,247.17,552,sell,NASDAQ
tx_0006997,2025-06-13 10:19:04,MA,345.93,851,buy,NYSE
tx_0006268,2025-06-13 10:19:04,MA,346.51,358,sell,NYSE
tx_0009197,2025-06-13 10:19:06,WMT,137.54,421,buy,NYSE
tx_0003064,2025-06-13 10:19:06,DIS,176.27,184,sell,NYSE
tx_0007818,2025-06-13 10:19:07,AAPL,147.89,580,sell,NASDAQ
tx_0007493,2025-06-13 10:19:07,PYPL,250.84,801,buy,NASDAQ
tx_0003665,2025-06-13 10:19:07,PEP,150.14,576,sell,NYSE
tx_0004715,2025-06-13 10:19:09,DIS,,583,sell,NYSE
tx_0003835,2025-06-13 10:19:10,ADBE,597.77,542,sell,NASDAQ
tx_0005404,2025-06-13 10:19:13,FB,324.47,514,buy,NASDAQ
tx_0002425,2025-06-13 10:19:16,V,217.3,624,buy,NYSE
tx_0000219,2025-06-13 10:19:16,PG,140.85,359,sell,NYSE
tx_0007221,2025-06-13 10:19:18,WMT,138.53,876,buy,NYSE
tx_0008964,2025-06-13 10:19:23,GOOGL,2742.83,184,buy,NASDAQ
tx_0001636,2025-06-13 10:19:34,PG,139.5,196,buy,NYSE
tx_0005144,2025-06-13 10:19:42,PG,139.48,308,sell,NYSE
tx_0003841,2025-06-13 10:19:45,FB,325.15,386,buy,NASDAQ
tx_0009440,2025-06-13 10:19:47,JNJ,162.63,282,sell,NYSE
tx_0001024,2025-06-13 10:19:54,AAPL,148.71,431,sell,NASDAQ
tx_0002636,2025-06-13 10:20:00,NFLX,519.84,909,sell,NASDAQ
tx_0009047,2025-06-13 10:20:09,PG,140.07,319,sell,NYSE
tx_0004314,2025-06-13 10:20:12,PG,140.67,187,buy,NYSE
tx_0003578,2025-06-13 10:20:16,PEP,150.99,831,sell,NYSE
tx_0004778,2025-06-13 10:20:18,MA,348.32,426,sell,NYSE
tx_0002724,2025-06-13 10:20:21,PG,141.05,904,sell,NYSE
tx_0008187,2025-06-13 10:20:21,MA,344.94,785,sell,NYSE
tx_0009600,2025-06-13 10:20:24,ADBE,604.38,287,buy,NASDAQ
tx_0004373,2025-06-13 10:20:25,MCD,253.12,117,sell,NYSE
tx_0005769,2025-06-13 10:20:26,MSFT,299.51,214,buy,NASDAQ
tx_0006704,2025-06-13 10:20:28,KO,54.27,418,sell,NYSE
tx_0000382,2025-06-13 10:20:28,KO,53.92,126,sell,NYSE
tx_0001115,2025-06-13 10:20:30,JNJ,161.91,230,sell,NYSE
tx_0001053,2025-06-13 10:20:35,TSLA,707.01,421,sell,NASDAQ
tx_0005749,2025-06-13 10:20:43,PEP,152.45,279,buy,NYSE
tx_0008756,2025-06-13 10:20:46,MCD,254.7,165,sell,NYSE
tx_0004892,2025-06-13 10:20:48,PYPL,250.19,147,buy,NASDAQ
tx_0008613,2025-06-13 10:20:52,NVDA,198.8,376,buy,NASDAQ
tx_0003914,2025-06-13 10:20:59,MCD,252.51,754,sell,NYSE
tx_0007712,2025-06-13 10:21:01,V,218.53,970,buy,NYSE
tx_0009394,2025-06-13 10:21:04,AAPL,148.08,825,sell,NASDAQ
tx_0004350,2025-06-13 10:21:05,PEP,150.98,443,sell,NYSE
tx_0004439,2025-06-13 10:21:09,NFLX,521.96,708,buy,NASDAQ
tx_0006702,2025-06-13 10:21:11,MSFT,300.68,397,sell,NASDAQ
tx_0000290,2025-06-13 10:21:14,TSLA,698.25,121,buy,NASDAQ
tx_0001235,2025-06-13 10:21:15,PYPL,250.24,299,buy,NASDAQ
tx_0009056,2025-06-13 10:21:16,V,218.28,442,sell,NYSE
tx_0005013,2025-06-13 10:21:19,TSLA,701.79,869,buy,NASDAQ
tx_0008959,2025-06-13 10:21:21,WMT,139.03,960,sell,NYSE
tx_0001671,2025-06-13 10:21:23,PEP,150.79,734,buy,NYSE
tx_0001898,2025-06-13 10:21:23,NFLX,519.9,651,buy,NASDAQ
tx_0005962,2025-06-13 10:21:28,DIS,176.38,406,sell,NYSE
tx_0003470,2025-06-13 10:21:31,MA,346.3,719,sell,NYSE
tx_0002781,2025-06-13 10:21:32,FB,323.97,219,sell,NASDAQ
tx_0008568,2025-06-13 10:21:32,KO,54.05,651,buy,NYSE
tx_0007490,2025-06-13 10:21:32,DIS,176.49,751,buy,NYSE
tx_0006878,2025-06-13 10:21:33,GOOGL,2761.06,746,buy,NASDAQ
tx_0005919,2025-06-13 10:21:40,PYPL,250.07,690,sell,NASDAQ
tx_0009769,2025-06-13 10:21:42,NFLX,515.13,273,buy,NASDAQ
tx_0002975,2025-06-13 10:21:44,FB,325.48,857,sell,NASDAQ
tx_0009499,2025-06-13 10:21:45,AAPL,147.23,908,sell,NASDAQ
tx_0006745,2025-06-13 10:21:46,NVDA,198.01,631,buy,NASDAQ
tx_0005912,2025-06-13 10:21:48,MA,344.65,754,buy,NYSE
tx_0009540,2025-06-13 10:21:49,JNJ,159.67,425,sell,NYSE
tx_0006793,2025-06-13 10:21:49,PG,139.8,993,sell,NYSE
tx_0002534,2025-06-13 10:21:51,NVDA,198.11,231,sell,NASDAQ
tx_0003787,2025-06-13 10:21:51,V,217.96,212,sell,NYSE
tx_0005487,2025-06-13 10:21:54,PEP,151.62,902,sell,NYSE
tx_0005887,2025-06-13 10:21:58,V,216.75,677,buy,NYSE
tx_0005069,2025-06-13 10:21:59,MCD,257.45,861,sell,NYSE
tx_0001449,2025-06-13 10:22:01,DIS,175.68,650,buy,NYSE
tx_0003821,2025-06-13 10:22:07,MCD,254.09,909,buy,NYSE
tx_0009837,2025-06-13 10:22:08,V,,959,buy,NYSE
tx_0009802,2025-06-13 10:22:10,NFLX,521.41,744,sell,NASDAQ
tx_0003659,2025-06-13 10:22:14,BRK.B,276.01,898,buy,NYSE
tx_0000765,2025-06-13 10:22:16,ADBE,600.55,981,sell,NASDAQ
tx_0009217,2025-06-13 10:22:17,FB,322.33,524,sell,NASDAQ
tx_0004487,2025-06-13 10:22:18,DIS,176.85,780,buy,NYSE
tx_0001896,2025-06-13 10:22:22,FB,323.38,434,sell,NASDAQ
tx_0006587,2025-06-13 10:22:23,ADBE,609.1,422,sell,NASDAQ
tx_0003114,2025-06-13 10:22:37,MCD,257.68,969,buy,NYSE
tx_0003966,2025-06-13 10:22:38,V,216.21,704,sell,NYSE
tx_0001619,2025-06-13 10:22:39,MSFT,305.44,779,buy,NASDAQ
tx_0006715,2025-06-13 10:22:40,AAPL,147.58,868,sell,NASDAQ
tx_0008713,2025-06-13 10:22:43,MSFT,302.36,810,sell,NASDAQ
tx_0007601,2025-06-13 10:22:50,PEP,151.16,681,buy,NYSE
tx_0007276,2025-06-13 10:22:50,NVDA,199.87,773,buy,NASDAQ
tx_0006907,2025-06-13 10:22:50,AMZN,3517.38,949,buy,NASDAQ
tx_0006461,2025-06-13 10:22:51,AMZN,,596,sell,NASDAQ
tx_0003367,2025-06-13 10:22:55,GOOGL,2747.67,917,buy,NASDAQ
tx_0006464,2025-06-13 10:22:58,JNJ,158.72,173,buy,NYSE
tx_0008931,2025-06-13 10:23:01,WMT,139.14,787,sell,NYSE
tx_0002128,2025-06-13 10:23:06,WMT,139.54,625,sell,NYSE
tx_0006495,2025-06-13 10:23:07,NFLX,,453,sell,NASDAQ
tx_0009170,2025-06-13 10:23:12,DIS,175.44,776,buy,NYSE
tx_0000972,2025-06-13 10:23:20,AMZN,3543.77,501,sell,NASDAQ
tx_0004049,2025-06-13 10:23:27,AMZN,3542.0,517,buy,NASDAQ
tx_0004140,2025-06-13 10:23:28,JNJ,159.24,562,buy,NYSE
tx_0002469,2025-06-13 10:23:31,AAPL,149.75,671,,NASDAQ
tx_0008397,2025-06-13 10:23:32,KO,55.03,215,sell,NYSE
tx_0002940,2025-06-13 10:23:35,GOOGL,2749.09,439,sell,NASDAQ
tx_0004987,2025-06-13 10:23:36,BRK.B,277.19,758,sell,NYSE
tx_0001117,2025-06-13 10:23:39,JNJ,158.89,312,buy,NYSE
tx_0004107,2025-06-13 10:23:40,PG,138.89,222,buy,NYSE
tx_0004353,2025-06-13 10:23:47,KO,54.18,378,buy,NYSE
tx_0007264,2025-06-13 10:23:48,AMZN,3521.21,811,buy,NASDAQ
tx_0006505,2025-06-13 10:23:48,JNJ,161.47,309,sell,NYSE
tx_0004418,2025-06-13 10:23:49,NFLX,522.57,119,sell,NASDAQ
tx_0009501,2025-06-13 10:23:54,AAPL,149.88,992,buy,NASDAQ
tx_0004507,2025-06-13 10:23:56,JNJ,161.74,501,buy,NYSE
tx_0001439,2025-06-13 10:24:03,BRK.B,272.85,306,sell,NYSE
tx_0009680,2025-06-13 10:24:04,MCD,256.36,593,sell,NYSE
tx_0003384,2025-06-13 10:24:05,PYPL,247.64,902,sell,NASDAQ
tx_0001572,2025-06-13 10:24:06,WMT,138.58,206,sell,NYSE
tx_0003723,2025-06-13 10:24:06,WMT,137.46,292,buy,NYSE
tx_0006315,2025-06-13 10:24:10,KO,54.7,585,sell,NYSE
tx_0007444,2025-06-13 10:24:17,NVDA,197.67,243,buy,NASDAQ
tx_0009314,2025-06-13 10:24:18,NFLX,524.05,693,sell,NASDAQ
tx_0001913,2025-06-13 10:24:23,DIS,178.43,109,sell,NYSE
tx_0002008,2025-06-13 10:24:28,PYPL,250.45,484,buy,NASDAQ
tx_0003607,2025-06-13 10:24:29,DIS,176.93,677,buy,NYSE
tx_0000626,2025-06-13 10:24:31,ADBE,593.7,546,sell,NASDAQ
tx_0003486,2025-06-13 10:24:33,DIS,175.6,263,buy,NYSE
tx_0005795,2025-06-13 10:24:35,MSFT,303.92,702,buy,NASDAQ
tx_0000082,2025-06-13 10:24:36,PYPL,247.15,848,buy,NASDAQ
tx_0005871,2025-06-13 10:24:36,TSLA,701.53,173,sell,NASDAQ
tx_0002489,2025-06-13 10:24:37,PEP,152.72,281,buy,NYSE
tx_0001850,2025-06-13 10:24:41,GOOGL,2729.28,324,buy,NASDAQ
tx_0009821,2025-06-13 10:24:42,AMZN,3508.04,291,buy,NASDAQ
tx_0002101,2025-06-13 10:24:43,PYPL,248.01,737,sell,NASDAQ
tx_0004115,2025-06-13 10:24:45,NFLX,525.39,718,buy,NASDAQ
tx_0003179,2025-06-13 10:24:47,MA,342.86,243,sell,NYSE
tx_0000910,2025-06-13 10:24:49,TSLA,699.33,271,buy,NASDAQ
tx_0001464,2025-06-13 10:24:50,WMT,137.61,254,buy,NYSE
tx_0008779,2025-06-13 10:24:52,PG,138.72,477,buy,NYSE
tx_0007618,2025-06-13 10:24:52,GOOGL,2717.38,652,sell,NASDAQ
tx_0001326,2025-06-13 10:24:53,PYPL,247.25,876,sell,NASDAQ
tx_0006046,2025-06-13 10:24:54,PEP,152.72,102,sell,NYSE
tx_0000499,2025-06-13 10:24:55,ADBE,593.23,386,sell,NASDAQ
tx_0008934,2025-06-13 10:24:56,GOOGL,2706.37,588,buy,NASDAQ
tx_0006439,2025-06-13 10:24:56,AMZN,3504.88,387,buy,NASDAQ
tx_0002204,2025-06-13 10:25:00,TSLA,703.44,437,sell,NASDAQ
tx_0009375,2025-06-13 10:25:02,NFLX,,956,sell,NASDAQ
tx_0000450,2025-06-13 10:25:05,NVDA,199.85,522,sell,NASDAQ
tx_0002891,2025-06-13 10:25:07,JNJ,160.8,500,buy,NYSE
tx_0000793,2025-06-13 10:25:07,MA,343.78,584,sell,NYSE
tx_0005511,2025-06-13 10:25:09,NFLX,523.05,129,buy,NASDAQ
tx_0008521,2025-06-13 10:25:09,JNJ,158.62,928,sell,NYSE
tx_0007137,2025-06-13 10:25:10,KO,54.1,346,sell,NYSE
tx_0006251,2025-06-13 10:25:12,GOOGL,2754.58,205,buy,NASDAQ
tx_0008733,2025-06-13 10:25:13,MA,344.23,399,buy,NYSE
tx_0008381,2025-06-13 10:25:13,MSFT,305.54,377,buy,NASDAQ
tx_0005455,2025-06-13 10:25:16,AMZN,3501.25,297,sell,NASDAQ
tx_0005791,2025-06-13 10:25:20,MSFT,302.63,799,buy,NASDAQ
tx_0006501,2025-06-13 10:25:24,MA,347.03,184,sell,NYSE
tx_0006299,2025-06-13 10:25:27,TSLA,697.54,162,sell,NASDAQ
tx_0008362,2025-06-13 10:25:27,JNJ,160.91,758,sell,NYSE
tx_0004417,2025-06-13 10:25:32,DIS,176.67,370,sell,NYSE
tx_0003533,2025-06-13 10:25:33,BRK.B,273.84,826,sell,NYSE
tx_0002669,2025-06-13 10:25:36,WMT,138.63,308,sell,NYSE
tx_0003934,2025-06-13 10:25:37,AAPL,148.82,706,sell,NASDAQ
tx_0007453,2025-06-13 10:25:38,AAPL,148.18,710,sell,NASDAQ
tx_0008544,2025-06-13 10:25:39,KO,53.55,281,buy,NYSE
tx_0001407,2025-06-13 10:25:44,DIS,175.06,538,buy,NYSE
tx_0003954,2025-06-13 10:25:46,MA,344.61,499,sell,NYSE
tx_0007880,2025-06-13 10:25:46,V,216.76,627,buy,NYSE
tx_0001766,2025-06-13 10:25:47,GOOGL,2711.56,339,buy,NASDAQ
tx_0001431,2025-06-13 10:25:49,FB,323.79,169,sell,NASDAQ
tx_0003548,2025-06-13 10:25:54,TSLA,696.16,716,buy,NASDAQ
tx_0002801,2025-06-13 10:26:00,ADBE,591.36,303,buy,NASDAQ
tx_0007993,2025-06-13 10:26:01,NVDA,199.65,806,buy,NASDAQ
tx_0002255,2025-06-13 10:26:04,KO,53.85,381,sell,NYSE
tx_0005393,2025-06-13 10:26:06,MSFT,306.85,505,sell,NASDAQ
tx_0006885,2025-06-13 10:26:07,AAPL,147.97,832,sell,NASDAQ
tx_0001197,2025-06-13 10:26:12,PEP,153.76,839,sell,NYSE
tx_0006583,2025-06-13 10:26:14,GOOGL,2712.41,487,buy,NASDAQ
tx_0003517,2025-06-13 10:26:15,MCD,255.15,372,sell,NYSE
tx_0007575,2025-06-13 10:26:17,NFLX,518.17,885,buy,NASDAQ
tx_0001127,2025-06-13 10:26:25,MCD,252.83,127,sell,NYSE
tx_0002523,2025-06-13 10:26:28,PG,139.25,102,buy,NYSE
tx_0009626,2025-06-13 10:26:33,GOOGL,2723.77,151,sell,NASDAQ
tx_0001580,2025-06-13 10:26:38,AMZN,3475.84,996,buy,NASDAQ
tx_0003770,2025-06-13 10:26:39,PEP,153.43,882,buy,NYSE
tx_0006762,2025-06-13 10:26:39,NFLX,522.28,830,buy,NASDAQ
tx_0001577,2025-06-13 10:26:40,AAPL,148.45,247,buy,NASDAQ
tx_0003507,2025-06-13 10:26:40,PEP,154.75,692,buy,NYSE
tx_0004642,2025-06-13 10:26:43,AAPL,148.14,514,buy,NASDAQ
tx_0005514,2025-06-13 10:26:44,BRK.B,277.92,867,buy,NYSE
tx_0000635,2025-06-13 10:26:53,V,215.33,1000,sell,NYSE
tx_0001569,2025-06-13 10:26:57,V,214.89,772,buy,NYSE
tx_0006831,2025-06-13 10:26:58,PG,137.89,918,sell,NYSE
tx_0003929,2025-06-13 10:26:58,MA,344.34,100,sell,NYSE
tx_0009144,2025-06-13 10:27:00,V,214.99,573,sell,NYSE
tx_0002192,2025-06-13 10:27:01,TSLA,701.42,273,sell,NASDAQ
tx_0008846,2025-06-13 10:27:02,MCD,253.66,808,buy,NYSE
tx_0002516,2025-06-13 10:27:04,PEP,153.19,281,buy,NYSE
tx_0008984,2025-06-13 10:27:04,GOOGL,2738.34,112,buy,NASDAQ
tx_0005857,2025-06-13 10:27:07,MA,345.04,309,buy,
tx_0000171,2025-06-13 10:27:08,MA,349.4,349,sell,NYSE
tx_0009902,2025-06-13 10:27:16,PYPL,244.8,512,buy,NASDAQ
tx_0000564,2025-06-13 10:27:17,PEP,152.75,144,sell,NYSE
tx_0005415,2025-06-13 10:27:17,FB,319.76,250,sell,NASDAQ
tx_0008167,2025-06-13 10:27:23,NFLX,520.05,550,sell,NASDAQ
tx_0007323,2025-06-13 10:27:26,MA,343.3,888,sell,NYSE
tx_0005580,2025-06-13 10:27:29,MCD,256.07,425,buy,NYSE
tx_0008483,2025-06-13 10:27:29,BRK.B,273.85,870,buy,NYSE
tx_0001504,2025-06-13 10:27:31,KO,54.12,419,buy,NYSE
tx_0006575,2025-06-13 10:27:34,PEP,153.95,745,buy,NYSE
tx_0006924,2025-06-13 10:27:35,PYPL,248.59,608,buy,NASDAQ
tx_0002951,2025-06-13 10:27:44,NVDA,199.7,825,buy,NASDAQ
tx_0006648,2025-06-13 10:27:46,BRK.B,276.71,496,sell,NYSE
tx_0009670,2025-06-13 10:27:46,NFLX,519.14,279,sell,NASDAQ
tx_0008154,2025-06-13 10:27:47,ADBE,606.2,167,sell,NASDAQ
tx_0005024,2025-06-13 10:27:50,MCD,255.93,551,buy,NYSE
tx_0008524,2025-06-13 10:27:53,MCD,255.47,620,buy,NYSE
tx_0009867,2025-06-13 10:27:53,NVDA,196.89,435,sell,NASDAQ
tx_0007488,2025-06-13 10:27:56,PG,139.92,937,sell,NYSE
tx_0000797,2025-06-13 10:27:58,PG,139.98,181,sell,NYSE
tx_0004734,2025-06-13 10:28:07,AAPL,148.48,848,sell,NASDAQ
tx_0000072,2025-06-13 10:28:09,TSLA,708.2,768,buy,NASDAQ
tx_0004031,2025-06-13 10:28:11,PG,140.02,784,buy,NYSE
tx_0003253,2025-06-13 10:28:12,KO,53.74,502,buy,NYSE
tx_0005154,2025-06-13 10:28:14,TSLA,706.85,352,buy,NASDAQ
tx_0006735,2025-06-13 10:28:15,MSFT,306.22,348,sell,NASDAQ
tx_0002271,2025-06-13 10:28:17,KO,53.76,705,sell,NYSE
tx_0008221,2025-06-13 10:28:18,MSFT,303.9,944,sell,NASDAQ
tx_0004732,2025-06-13 10:28:21,DIS,174.76,603,buy,NYSE
tx_0006179,2025-06-13 10:28:21,NVDA,199.35,936,buy,NASDAQ
tx_0006675,2025-06-13 10:28:21,BRK.B,275.7,557,buy,NYSE
tx_0007610,2025-06-13 10:28:22,V,214.82,204,buy,NYSE
tx_0006826,2025-06-13 10:28:22,PYPL,248.86,116,buy,NASDAQ
tx_0004408,2025-06-13 10:28:22,BRK.B,276.37,486,buy,NYSE
tx_0005387,2025-06-13 10:28:22,PG,139.75,752,sell,NYSE
tx_0004932,2025-06-13 10:28:24,NVDA,197.68,936,sell,NASDAQ
tx_0005159,2025-06-13 10:28:27,FB,318.69,467,buy,NASDAQ
tx_0008998,2025-06-13 10:28:27,ADBE,604.45,575,sell,NASDAQ
tx_0005633,2025-06-13 10:28:29,MA,343.73,693,sell,NYSE
tx_0008958,2025-06-13 10:28:35,ADBE,598.6,596,buy,NASDAQ
tx_0009675,2025-06-13 10:28:36,MA,349.73,145,buy,NYSE
tx_0004161,2025-06-13 10:28:39,AAPL,147.87,849,buy,NASDAQ
tx_0005270,2025-06-13 10:28:42,PEP,153.53,124,buy,NYSE
tx_0003504,2025-06-13 10:28:47,AMZN,3510.19,102,buy,NASDAQ
tx_0007282,2025-06-13 10:28:54,NVDA,200.64,542,buy,NASDAQ
tx_0002432,2025-06-13 10:28:55,PYPL,245.56,608,sell,NASDAQ
tx_0009673,2025-06-13 10:28:55,V,216.99,908,buy,NYSE
tx_0009222,2025-06-13 10:28:58,PYPL,249.37,382,buy,NASDAQ
tx_0007829,2025-06-13 10:29:00,MSFT,303.66,662,sell,NASDAQ
tx_0007166,2025-06-13 10:29:05,V,215.59,794,sell,NYSE
tx_0004588,2025-06-13 10:29:06,WMT,136.67,259,sell,NYSE
tx_0006327,2025-06-13 10:29:08,GOOGL,2717.98,690,buy,NASDAQ
tx_0000828,2025-06-13 10:29:13,MA,343.06,741,buy,NYSE
tx_0005284,2025-06-13 10:29:17,PEP,154.14,987,buy,NYSE
tx_0003188,2025-06-13 10:29:22,JNJ,159.25,325,sell,NYSE
tx_0002552,2025-06-13 10:29:26,NVDA,197.8,504,sell,
tx_0006402,2025-06-13 10:29:26,V,217.57,794,sell,NYSE
tx_0007858,2025-06-13 10:29:28,AAPL,149.09,958,buy,NASDAQ
tx_0006245,2025-06-13 10:29:35,MCD,256.19,546,sell,NYSE
tx_0009829,2025-06-13 10:29:37,ADBE,605.86,126,sell,NASDAQ
tx_0007456,2025-06-13 10:29:38,PYPL,245.3,641,buy,NASDAQ
tx_0005421,2025-06-13 10:29:45,FB,321.25,348,sell,NASDAQ
tx_0007705,2025-06-13 10:29:49,PEP,154.64,675,buy,NYSE
tx_0005610,2025-06-13 10:29:50,MCD,255.19,981,buy,NYSE
tx_0004073,2025-06-13 10:29:53,V,215.79,372,buy,NYSE
tx_0001722,2025-06-13 10:29:54,MA,347.31,903,sell,NYSE
tx_0003552,2025-06-13 10:29:54,FB,316.44,946,buy,NASDAQ
tx_0007041,2025-06-13 10:29:54,PYPL,249.53,557,buy,NASDAQ
tx_0002677,2025-06-13 10:29:57,PG,140.26,976,buy,NYSE
tx_0003266,2025-06-13 10:29:58,JNJ,158.67,777,buy,NYSE
tx_0003984,2025-06-13 10:30:01,TSLA,704.51,698,sell,NASDAQ
tx_0001756,2025-06-13 10:30:01,NFLX,524.28,620,buy,NASDAQ
tx_0002329,2025-06-13 10:30:02,V,215.75,631,buy,NYSE
tx_0008162,2025-06-13 10:30:03,DIS,175.19,687,buy,NYSE
tx_0005271,2025-06-13 10:30:04,WMT,137.18,822,buy,NYSE
tx_0006364,2025-06-13 10:30:05,PYPL,247.05,594,buy,NASDAQ
tx_0003238,2025-06-13 10:30:07,MCD,257.33,358,sell,NYSE
tx_0005854,2025-06-13 10:30:08,MCD,256.96,638,sell,NYSE
tx_0003961,2025-06-13 10:30:08,BRK.B,271.96,506,sell,NYSE
tx_0009637,2025-06-13 10:30:12,TSLA,699.31,363,sell,NASDAQ
tx_0003247,2025-06-13 10:30:14,PYPL,246.11,722,sell,NASDAQ
tx_0005201,2025-06-13 10:30:15,PYPL,248.73,472,sell,NASDAQ
tx_0000759,2025-06-13 10:30:17,JNJ,158.98,960,buy,NYSE
tx_0005809,2025-06-13 10:30:17,AMZN,3502.07,727,buy,NASDAQ
tx_0005030,2025-06-13 10:30:19,BRK.B,271.55,551,buy,NYSE
tx_0004974,2025-06-13 10:30:20,MCD,256.52,285,buy,NYSE
tx_0000589,2025-06-13 10:30:20,MSFT,304.0,885,sell,NASDAQ
tx_0009103,2025-06-13 10:30:21,MCD,253.08,424,buy,NYSE
tx_0008657,2025-06-13 10:30:23,BRK.B,270.98,130,buy,NYSE
tx_0001448,2025-06-13 10:30:25,FB,316.87,957,buy,NASDAQ
tx_0007754,2025-06-13 10:30:26,NFLX,515.87,751,sell,NASDAQ
tx_0001525,2025-06-13 10:30:27,DIS,175.16,602,sell,NYSE
tx_0006523,2025-06-13 10:30:29,NVDA,197.96,630,sell,NASDAQ
tx_0007215,2025-06-13 10:30:34,AMZN,3451.27,732,sell,NASDAQ
tx_0007497,2025-06-13 10:30:39,AMZN,3480.22,737,buy,NASDAQ
tx_0002090,2025-06-13 10:30:47,JNJ,159.53,525,sell,NYSE
tx_0000785,2025-06-13 10:30:54,TSLA,703.95,241,buy,NASDAQ
tx_0003049,2025-06-13 10:30:57,TSLA,703.0,495,buy,NASDAQ
tx_0008109,2025-06-13 10:30:58,NVDA,199.32,278,buy,NASDAQ
tx_0006314,2025-06-13 10:30:59,KO,53.88,678,sell,NYSE
tx_0003068,2025-06-13 10:31:01,AAPL,147.66,129,buy,NASDAQ
tx_0004762,2025-06-13 10:31:02,PYPL,245.66,232,buy,NASDAQ
tx_0001078,2025-06-13 10:31:08,PEP,155.03,701,buy,NYSE
tx_0005202,2025-06-13 10:31:10,TSLA,698.94,706,sell,NASDAQ
tx_0009435,2025-06-13 10:31:13,ADBE,600.63,721,buy,NASDAQ
tx_0006803,2025-06-13 10:31:13,MCD,253.42,927,buy,NYSE
tx_0005784,2025-06-13 10:31:16,FB,321.55,117,buy,NASDAQ
tx_0009930,2025-06-13 10:31:17,MCD,256.19,731,sell,NYSE
tx_0004060,2025-06-13 10:31:18,NFLX,527.45,597,sell,NASDAQ
tx_0002472,2025-06-13 10:31:18,WMT,134.8,678,sell,NYSE
tx_0003580,2025-06-13 10:31:20,MCD,257.17,408,buy,NYSE
tx_0008417,2025-06-13 10:31:20,NVDA,198.2,554,sell,NASDAQ
tx_0006526,2025-06-13 10:31:22,ADBE,592.53,489,sell,NASDAQ
tx_0006821,2025-06-13 10:31:25,KO,53.53,338,buy,NYSE
tx_0000948,2025-06-13 10:31:28,JNJ,161.35,385,sell,NYSE
tx_0008532,2025-06-13 10:31:30,DIS,175.94,745,sell,NYSE
tx_0006098,2025-06-13 10:31:34,TSLA,697.03,569,sell,NASDAQ
tx_0004194,2025-06-13 10:31:44,PEP,154.37,718,buy,NYSE
tx_0004266,2025-06-13 10:31:46,DIS,177.91,184,buy,NYSE
tx_0001979,2025-06-13 10:31:49,V,214.35,493,sell,NYSE
tx_0003416,2025-06-13 10:31:49,MCD,253.65,653,buy,NYSE
tx_0000869,2025-06-13 10:31:51,AMZN,3501.16,868,sell,NASDAQ
tx_0006061,2025-06-13 10:31:51,NVDA,202.03,476,buy,NASDAQ
tx_0002115,2025-06-13 10:31:54,JNJ,159.04,105,buy,NYSE
tx_0005451,2025-06-13 10:31:59,NFLX,519.87,339,buy,NASDAQ
tx_0004779,2025-06-13 10:31:59,BRK.B,270.46,884,sell,NYSE
tx_0004159,2025-06-13 10:32:03,MA,347.41,974,buy,NYSE
tx_0002938,2025-06-13 10:32:03,AMZN,3480.72,395,buy,NASDAQ
tx_0000780,2025-06-13 10:32:04,DIS,178.67,793,sell,NYSE
tx_0005755,2025-06-13 10:32:05,MA,350.45,173,sell,NYSE
tx_0009012,2025-06-13 10:32:05,NVDA,199.18,313,sell,NASDAQ
tx_0003839,2025-06-13 10:32:07,PYPL,246.61,739,sell,NASDAQ
tx_0006854,2025-06-13 10:32:09,DIS,178.37,232,sell,NYSE
tx_0000013,2025-06-13 10:32:10,KO,54.37,153,buy,NYSE
tx_0007128,2025-06-13 10:32:13,AAPL,146.65,530,sell,NASDAQ
tx_0007982,2025-06-13 10:32:14,PYPL,245.84,362,sell,NASDAQ
tx_0009009,2025-06-13 10:32:14,NFLX,518.97,829,sell,NASDAQ
tx_0007121,2025-06-13 10:32:16,PYPL,246.89,539,buy,NASDAQ
tx_0000270,2025-06-13 10:32:18,NVDA,201.95,430,buy,NASDAQ
tx_0007553,2025-06-13 10:32:22,PG,139.53,757,sell,NYSE
tx_0004265,2025-06-13 10:32:22,PEP,155.74,186,sell,NYSE
tx_0007383,2025-06-13 10:32:23,PG,138.43,767,sell,NYSE
tx_0000174,2025-06-13 10:32:24,TSLA,694.59,853,buy,NASDAQ
tx_0002457,2025-06-13 10:32:29,PG,140.4,992,buy,NYSE
tx_0002093,2025-06-13 10:32:36,AAPL,148.71,389,sell,NASDAQ
tx_0006953,2025-06-13 10:32:41,GOOGL,2748.95,865,buy,NASDAQ
tx_0002258,2025-06-13 10:32:44,FB,319.28,105,buy,NASDAQ
tx_0005356,2025-06-13 10:32:45,JNJ,158.7,889,buy,NYSE
tx_0001436,2025-06-13 10:32:46,PYPL,244.96,673,sell,NASDAQ
tx_0000610,2025-06-13 10:32:48,AAPL,146.46,441,buy,NASDAQ
tx_0006305,2025-06-13 10:32:49,KO,54.3,571,sell,NYSE
tx_0007768,2025-06-13 10:32:51,WMT,137.17,508,buy,NYSE
tx_0009161,2025-06-13 10:32:52,BRK.B,276.14,205,sell,NYSE
tx_0009849,2025-06-13 10:32:53,AAPL,147.47,756,buy,NASDAQ
tx_0000512,2025-06-13 10:32:57,TSLA,706.66,405,buy,NASDAQ
tx_0001175,2025-06-13 10:32:57,V,215.72,550,sell,NYSE
tx_0006463,2025-06-13 10:32:59,AAPL,147.84,171,sell,NASDAQ
tx_0000377,2025-06-13 10:33:01,AMZN,3452.74,161,sell,NASDAQ
tx_0006518,2025-06-13 10:33:05,AAPL,146.43,866,sell,NASDAQ
tx_0005632,2025-06-13 10:33:08,AMZN,3495.2,560,buy,NASDAQ
tx_0009534,2025-06-13 10:33:10,GOOGL,2740.6,689,buy,NASDAQ
tx_0005248,2025-06-13 10:33:12,ADBE,590.01,931,sell,NASDAQ
tx_0003988,2025-06-13 10:33:18,BRK.B,275.88,401,sell,NYSE
tx_0000621,2025-06-13 10:33:20,ADBE,598.91,153,buy,NASDAQ
tx_0002312,2025-06-13 10:33:21,AAPL,148.17,883,sell,
tx_0007043,2025-06-13 10:33:25,MSFT,304.79,915,sell,NASDAQ
tx_0001390,2025-06-13 10:33:26,DIS,177.07,268,buy,NYSE
tx_0005830,2025-06-13 10:33:28,AMZN,3493.49,163,sell,NASDAQ
tx_0004000,2025-06-13 10:33:29,NFLX,516.08,156,buy,NASDAQ
tx_0006458,2025-06-13 10:33:30,NVDA,200.44,852,buy,NASDAQ
tx_0009532,2025-06-13 10:33:35,PG,138.72,859,buy,NYSE
tx_0008045,2025-06-13 10:33:35,JNJ,159.43,537,buy,NYSE
tx_0009210,2025-06-13 10:33:41,WMT,137.53,327,sell,NYSE
tx_0003939,2025-06-13 10:33:41,JNJ,160.4,164,buy,NYSE
tx_0001728,2025-06-13 10:33:42,DIS,177.26,470,buy,NYSE
tx_0007863,2025-06-13 10:33:42,NFLX,524.52,256,sell,NASDAQ
tx_0008378,2025-06-13 10:33:42,FB,313.1,465,buy,NASDAQ
tx_0009897,2025-06-13 10:33:45,MCD,254.24,128,sell,NYSE
tx_0002353,2025-06-13 10:33:53,JNJ,160.79,789,sell,NYSE
tx_0005055,2025-06-13 10:33:56,TSLA,697.45,899,buy,NASDAQ
tx_0006192,2025-06-13 10:33:57,WMT,135.32,553,buy,NYSE
tx_0002621,2025-06-13 10:34:01,PYPL,249.52,788,buy,NASDAQ
tx_0000991,2025-06-13 10:34:01,BRK.B,271.52,522,sell,NYSE
tx_0000709,2025-06-13 10:34:02,V,215.79,277,sell,NYSE
tx_0001100,2025-06-13 10:34:02,BRK.B,272.62,237,buy,NYSE
tx_0001331,2025-06-13 10:34:07,TSLA,699.39,183,sell,NASDAQ
tx_0007309,2025-06-13 10:34:15,TSLA,699.44,988,buy,NASDAQ
tx_0008182,2025-06-13 10:34:15,V,216.27,791,buy,NYSE
tx_0004904,2025-06-13 10:34:20,TSLA,699.49,707,buy,NASDAQ
tx_0002641,2025-06-13 10:34:22,KO,54.0,152,buy,NYSE
tx_0001462,2025-06-13 10:34:31,KO,53.4,852,sell,NYSE
tx_0009319,2025-06-13 10:34:35,DIS,176.15,490,sell,NYSE
tx_0000237,2025-06-13 10:34:36,BRK.B,274.14,608,sell,NYSE
tx_0001441,2025-06-13 10:34:40,PG,138.4,976,sell,NYSE
tx_0000361,2025-06-13 10:34:42,TSLA,706.97,815,buy,NASDAQ
tx_0002792,2025-06-13 10:34:42,V,215.97,300,buy,NYSE
tx_0008977,2025-06-13 10:34:49,PYPL,247.36,274,sell,NASDAQ
tx_0006703,2025-06-13 10:34:49,PEP,154.97,635,buy,NYSE
tx_0007141,2025-06-13 10:34:52,MSFT,302.68,964,buy,NASDAQ
tx_0001342,2025-06-13 10:34:54,AMZN,3430.03,478,buy,NASDAQ
tx_0001378,2025-06-13 10:34:55,AMZN,3474.71,618,buy,NASDAQ
tx_0006322,2025-06-13 10:34:56,NVDA,198.97,596,buy,NASDAQ
tx_0001231,2025-06-13 10:34:56,JNJ,159.87,785,sell,NYSE
tx_0008496,2025-06-13 10:34:56,BRK.B,274.24,728,buy,NYSE
tx_0001178,2025-06-13 10:34:58,PEP,153.24,179,buy,NYSE
tx_0005186,2025-06-13 10:35:06,NVDA,200.03,951,buy,NASDAQ
tx_0004884,2025-06-13 10:35:11,NVDA,201.16,942,buy,NASDAQ
tx_0008545,2025-06-13 10:35:14,PG,138.91,987,sell,NYSE
tx_0000465,2025-06-13 10:35:17,MCD,258.06,372,buy,NYSE
tx_0002924,2025-06-13 10:35:23,MA,348.69,720,buy,NYSE
tx_0002545,2025-06-13 10:35:25,GOOGL,2744.5,582,sell,NASDAQ
tx_0009005,2025-06-13 10:35:27,ADBE,593.17,346,sell,NASDAQ
tx_0001361,2025-06-13 10:35:28,TSLA,695.0,640,sell,NASDAQ
tx_0003910,2025-06-13 10:35:29,AMZN,3428.3,913,buy,NASDAQ
tx_0006674,2025-06-13 10:35:34,MCD,255.82,690,sell,NYSE
tx_0009560,2025-06-13 10:35:38,PEP,153.25,863,buy,NYSE
tx_0008194,2025-06-13 10:35:41,V,215.27,151,,NYSE
tx_0001392,2025-06-13 10:35:45,NVDA,200.42,138,buy,NASDAQ
tx_0000173,2025-06-13 10:35:48,DIS,177.66,411,buy,NYSE
tx_0004873,2025-06-13 10:35:51,MA,347.16,561,sell,NYSE
tx_0000810,2025-06-13 10:35:51,BRK.B,272.71,295,,NYSE
tx_0003164,2025-06-13 10:35:52,AMZN,3443.57,383,buy,NASDAQ
tx_0004103,2025-06-13 10:35:53,MA,347.0,568,buy,NYSE
tx_0001273,2025-06-13 10:35:55,GOOGL,2732.13,472,buy,NASDAQ
tx_0009449,2025-06-13 10:35:56,KO,53.93,190,buy,NYSE
tx_0005657,2025-06-13 10:35:56,KO,54.59,481,buy,NYSE
tx_0003603,2025-06-13 10:35:57,TSLA,698.72,148,sell,NASDAQ
tx_0001991,2025-06-13 10:35:59,WMT,136.07,125,buy,NYSE
tx_0001083,2025-06-13 10:36:00,NFLX,519.7,132,sell,NASDAQ
tx_0006932,2025-06-13 10:36:03,MCD,258.2,413,sell,NYSE
tx_0003919,2025-06-13 10:36:07,JNJ,158.51,147,buy,NYSE
tx_0009819,2025-06-13 10:36:10,FB,314.15,994,sell,NASDAQ
tx_0005175,2025-06-13 10:36:18,AAPL,146.68,654,buy,NASDAQ
tx_0001321,2025-06-13 10:36:18,GOOGL,2765.71,327,sell,NASDAQ
tx_0001049,2025-06-13 10:36:21,GOOGL,2760.52,855,sell,NASDAQ
tx_0007736,2025-06-13 10:36:21,KO,53.93,353,buy,NYSE
tx_0005168,2025-06-13 10:36:24,AMZN,3439.05,437,buy,NASDAQ
tx_0008166,2025-06-13 10:36:27,PEP,153.07,228,sell,NYSE
tx_0007289,2025-06-13 10:36:29,ADBE,586.1,359,buy,NASDAQ
tx_0000482,2025-06-13 10:36:33,KO,54.36,790,buy,NYSE
tx_0005095,2025-06-13 10:36:33,PEP,155.76,107,sell,NYSE
tx_0001037,2025-06-13 10:36:36,FB,318.77,205,sell,NASDAQ
tx_0000970,2025-06-13 10:36:38,V,215.37,470,buy,NYSE
tx_0006380,2025-06-13 10:36:41,GOOGL,2724.03,918,sell,NASDAQ
tx_0003323,2025-06-13 10:36:43,BRK.B,274.77,898,buy,NYSE
tx_0001294,2025-06-13 10:36:50,PEP,154.28,239,buy,NYSE
tx_0003733,2025-06-13 10:36:54,V,214.95,502,sell,NYSE
tx_0009445,2025-06-13 10:37:00,KO,53.82,207,sell,NYSE
tx_0005545,2025-06-13 10:37:02,PYPL,245.97,845,buy,NASDAQ
tx_0009078,2025-06-13 10:37:04,V,215.54,477,sell,NYSE
tx_0003383,2025-06-13 10:37:06,FB,319.54,489,buy,NASDAQ
tx_0008577,2025-06-13 10:37:06,KO,,646,sell,NYSE
tx_0006746,2025-06-13 10:37:06,PYPL,244.9,405,buy,NASDAQ
tx_0001966,2025-06-13 10:37:07,AMZN,3465.58,459,buy,NASDAQ
tx_0003512,2025-06-13 10:37:07,FB,315.33,455,sell,NASDAQ
tx_0005892,2025-06-13 10:37:12,JNJ,158.0,385,sell,NYSE
tx_0009007,2025-06-13 10:37:14,TSLA,711.25,348,sell,NASDAQ
tx_0001332,2025-06-13 10:37:14,FB,318.6,614,buy,NASDAQ
tx_0000087,2025-06-13 10:37:14,PEP,154.58,531,sell,NYSE
tx_0005376,2025-06-13 10:37:15,JNJ,158.85,931,buy,NYSE
tx_0006135,2025-06-13 10:37:16,ADBE,588.08,396,sell,NASDAQ
tx_0006218,2025-06-13 10:37:21,AMZN,3476.36,473,sell,NASDAQ
tx_0003562,2025-06-13 10:37:25,DIS,178.37,820,buy,NYSE
tx_0008010,2025-06-13 10:37:29,BRK.B,274.26,950,buy,NYSE
tx_0002655,2025-06-13 10:37:32,PYPL,246.33,922,sell,NASDAQ
tx_0008677,2025-06-13 10:37:42,MSFT,305.96,214,sell,NASDAQ
tx_0000998,2025-06-13 10:37:42,AAPL,147.26,854,buy,NASDAQ
tx_0002598,2025-06-13 10:37:45,DIS,175.63,591,sell,NYSE
tx_0004441,2025-06-13 10:37:51,AMZN,3503.68,857,buy,NASDAQ
tx_0001440,2025-06-13 10:37:53,MSFT,306.16,881,buy,NASDAQ
tx_0001103,2025-06-13 10:37:57,TSLA,710.62,724,sell,NASDAQ
tx_0008358,2025-06-13 10:38:01,JNJ,159.25,820,sell,NYSE
tx_0008597,2025-06-13 10:38:01,MCD,257.55,282,buy,NYSE
tx_0003087,2025-06-13 10:38:04,MCD,256.28,141,buy,NYSE
tx_0008261,2025-06-13 10:38:06,DIS,177.85,430,sell,NYSE
tx_0009174,2025-06-13 10:38:10,NFLX,518.25,787,buy,NASDAQ
tx_0003404,2025-06-13 10:38:13,TSLA,698.64,446,buy,NASDAQ
tx_0001571,2025-06-13 10:38:14,TSLA,703.71,614,buy,NASDAQ
tx_0000032,2025-06-13 10:38:15,AMZN,3506.73,864,buy,NASDAQ
tx_0007161,2025-06-13 10:38:18,BRK.B,277.19,458,buy,NYSE
tx_0000588,2025-06-13 10:38:21,PYPL,246.54,274,sell,NASDAQ
tx_0002068,2025-06-13 10:38:22,PYPL,245.04,988,sell,NASDAQ
tx_0001280,2025-06-13 10:38:22,DIS,178.57,757,buy,NYSE
tx_0006355,2025-06-13 10:38:24,BRK.B,273.7,201,buy,NYSE
tx_0006293,2025-06-13 10:38:27,MCD,,940,buy,NYSE
tx_0003514,2025-06-13 10:38:28,JNJ,160.67,975,sell,NYSE
tx_0000378,2025-06-13 10:38:36,PG,140.45,972,buy,NYSE
tx_0004480,2025-06-13 10:38:36,JNJ,158.19,468,buy,NYSE
tx_0002339,2025-06-13 10:38:42,FB,313.42,543,sell,NASDAQ
tx_0002933,2025-06-13 10:38:42,AAPL,146.75,830,sell,NASDAQ
tx_0002514,2025-06-13 10:38:46,MA,343.93,779,sell,NYSE
tx_0000670,2025-06-13 10:38:51,V,218.19,352,sell,NYSE
tx_0000104,2025-06-13 10:38:55,NFLX,523.25,827,sell,NASDAQ
tx_0001705,2025-06-13 10:38:57,BRK.B,273.82,207,buy,NYSE
tx_0002466,2025-06-13 10:39:03,MA,343.88,603,buy,NYSE
tx_0006629,2025-06-13 10:39:05,WMT,137.06,989,sell,NYSE
tx_0006118,2025-06-13 10:39:05,WMT,137.02,565,sell,NYSE
tx_0005133,2025-06-13 10:39:07,PEP,152.21,899,buy,NYSE
tx_0004930,2025-06-13 10:39:14,MSFT,300.38,543,sell,NASDAQ
tx_0002061,2025-06-13 10:39:15,TSLA,699.4,604,buy,NASDAQ
tx_0005594,2025-06-13 10:39:22,WMT,135.6,924,sell,NYSE
tx_0006714,2025-06-13 10:39:23,DIS,176.16,225,sell,NYSE
tx_0004141,2025-06-13 10:39:23,ADBE,591.37,432,sell,NASDAQ
tx_0009430,2025-06-13 10:39:24,ADBE,594.74,473,sell,NASDAQ
tx_0003911,2025-06-13 10:39:27,PYPL,247.07,514,buy,NASDAQ
tx_0002385,2025-06-13 10:39:32,V,214.83,563,buy,NYSE
tx_0008951,2025-06-13 10:39:33,NFLX,526.6,873,sell,NASDAQ
tx_0006671,2025-06-13 10:39:36,MCD,254.95,945,sell,NYSE
tx_0002845,2025-06-13 10:39:39,DIS,177.74,700,sell,NYSE
tx_0003310,2025-06-13 10:39:39,NFLX,525.75,247,buy,NASDAQ
tx_0006966,2025-06-13 10:39:43,PG,140.57,803,sell,NYSE
tx_0009689,2025-06-13 10:39:45,NFLX,527.51,407,sell,NASDAQ
tx_0007543,2025-06-13 10:39:47,MSFT,300.43,373,buy,NASDAQ
tx_0009379,2025-06-13 10:39:47,FB,313.09,165,buy,NASDAQ
tx_0002094,2025-06-13 10:39:51,WMT,137.61,494,sell,NYSE
tx_0009220,2025-06-13 10:39:52,MCD,259.18,868,buy,NYSE
tx_0004381,2025-06-13 10:40:00,MSFT,302.02,108,buy,NASDAQ
tx_0007006,2025-06-13 10:40:01,NVDA,198.38,266,buy,NASDAQ
tx_0003468,2025-06-13 10:40:03,AAPL,146.04,476,buy,NASDAQ
tx_0000782,2025-06-13 10:40:11,FB,,615,buy,NASDAQ
tx_0002734,2025-06-13 10:40:11,AAPL,147.2,720,sell,NASDAQ
tx_0004112,2025-06-13 10:40:12,JNJ,158.28,216,buy,NYSE
tx_0008088,2025-06-13 10:40:13,DIS,178.48,113,buy,NYSE
tx_0000153,2025-06-13 10:40:14,MCD,256.2,998,sell,NYSE
tx_0003316,2025-06-13 10:40:16,V,214.93,280,sell,NYSE
tx_0009977,2025-06-13 10:40:16,ADBE,588.32,891,buy,NASDAQ
tx_0000585,2025-06-13 10:40:17,ADBE,587.56,564,buy,NASDAQ
tx_0008289,2025-06-13 10:40:18,NFLX,528.51,486,sell,NASDAQ
tx_0004337,2025-06-13 10:40:22,DIS,177.78,349,sell,NYSE
tx_0003125,2025-06-13 10:40:24,PG,139.37,110,sell,NYSE
