transaction_id,timestamp,stock_symbol,price,quantity,order_type,exchange
tx_0002010,2025-06-08 09:30:04,KO,55.29,56,buy,NYSE
tx_0000447,2025-06-08 09:30:05,GOOGL,2815.68,110,buy,NASDAQ
tx_0003745,2025-06-08 09:30:13,KO,55.01,342,buy,NYSE
tx_0007251,2025-06-08 09:30:22,MCD,248.01,942,sell,NYSE
tx_0005405,2025-06-08 09:30:30,PYPL,247.63,23,buy,NASDAQ
tx_0002740,2025-06-08 09:30:35,MA,347.36,857,buy,NYSE
tx_0006901,2025-06-08 09:30:40,MA,353.85,890,sell,NYSE
tx_0002201,2025-06-08 09:30:41,MCD,246.83,797,buy,NYSE
tx_0004367,2025-06-08 09:30:45,JNJ,170.17,91,sell,NYSE
tx_0001317,2025-06-08 09:30:45,WMT,141.09,201,sell,NYSE
tx_0009106,2025-06-08 09:30:47,AAPL,151.54,303,buy,NASDAQ
tx_0008629,2025-06-08 09:30:49,GOOGL,2778.09,867,buy,NASDAQ
tx_0005258,2025-06-08 09:30:51,PG,138.94,77,sell,NYSE
tx_0001331,2025-06-08 09:30:51,FB,329.82,275,buy,NASDAQ
tx_0000209,2025-06-08 09:30:53,FB,332.49,870,sell,NASDAQ
tx_0008363,2025-06-08 09:30:56,TSLA,693.75,690,buy,NASDAQ
tx_0009548,2025-06-08 09:30:58,KO,54.7,647,sell,NYSE
tx_0009902,2025-06-08 09:30:59,MCD,251.44,861,buy,NYSE
tx_0003804,2025-06-08 09:31:02,V,221.36,74,sell,NYSE
tx_0008249,2025-06-08 09:31:02,NFLX,501.84,769,buy,NASDAQ
tx_0003386,2025-06-08 09:31:02,MA,350.75,258,sell,NYSE
tx_0005190,2025-06-08 09:31:08,FB,328.57,209,buy,NASDAQ
tx_0008800,2025-06-08 09:31:15,ADBE,597.33,966,sell,NASDAQ
tx_0004474,2025-06-08 09:31:18,DIS,180.58,250,sell,NYSE
tx_0004195,2025-06-08 09:31:19,AMZN,3501.52,506,buy,NASDAQ
tx_0001762,2025-06-08 09:31:20,V,221.0,988,buy,NYSE
tx_0004155,2025-06-08 09:31:23,WMT,141.01,783,sell,NYSE
tx_0009727,2025-06-08 09:31:23,MCD,247.94,701,sell,NYSE
tx_0006650,2025-06-08 09:31:24,AAPL,151.93,321,buy,NASDAQ
tx_0003807,2025-06-08 09:31:25,KO,55.25,495,sell,NYSE
tx_0006906,2025-06-08 09:31:26,MCD,247.08,264,buy,NYSE
tx_0000943,2025-06-08 09:31:27,PG,141.15,995,sell,NYSE
tx_0004229,2025-06-08 09:31:28,AAPL,151.62,894,sell,NASDAQ
tx_0004413,2025-06-08 09:31:31,AMZN,3495.71,903,sell,NASDAQ
tx_0001669,2025-06-08 09:31:33,TSLA,706.45,21,buy,NASDAQ
tx_0004920,2025-06-08 09:31:34,NFLX,504.3,458,sell,NASDAQ
tx_0000031,2025-06-08 09:31:38,TSLA,698.0,715,sell,NASDAQ
tx_0002153,2025-06-08 09:31:39,PEP,150.44,963,sell,NYSE
tx_0006683,2025-06-08 09:31:43,MA,353.94,266,sell,NYSE
tx_0000354,2025-06-08 09:31:51,FB,329.42,939,sell,NASDAQ
tx_0009133,2025-06-08 09:32:01,KO,54.9,390,buy,NYSE
tx_0009228,2025-06-08 09:32:03,NFLX,503.4,565,buy,NASDAQ
tx_0009176,2025-06-08 09:32:03,DIS,180.06,142,buy,NYSE
tx_0008393,2025-06-08 09:32:03,V,220.69,82,buy,NYSE
tx_0000043,2025-06-08 09:32:08,ADBE,592.82,962,sell,NASDAQ
tx_0008450,2025-06-08 09:32:10,AMZN,3474.99,676,sell,NASDAQ
tx_0000793,2025-06-08 09:32:12,WMT,139.83,95,buy,NYSE
tx_0004052,2025-06-08 09:32:12,TSLA,699.46,78,sell,NASDAQ
tx_0009629,2025-06-08 09:32:12,FB,332.13,431,sell,NASDAQ
tx_0003298,2025-06-08 09:32:14,KO,55.39,288,buy,NYSE
tx_0004896,2025-06-08 09:32:15,PG,138.92,842,sell,NYSE
tx_0002171,2025-06-08 09:32:19,NFLX,497.11,543,buy,NASDAQ
tx_0005591,2025-06-08 09:32:21,JNJ,171.98,91,buy,NYSE
tx_0004533,2025-06-08 09:32:26,NFLX,500.81,173,buy,NASDAQ
tx_0006066,2025-06-08 09:32:28,FB,330.19,205,sell,NASDAQ
tx_0001753,2025-06-08 09:32:28,WMT,139.58,642,buy,NYSE
tx_0008030,2025-06-08 09:32:29,PG,140.35,23,buy,NYSE
tx_0000773,2025-06-08 09:32:29,DIS,178.07,481,sell,NYSE
tx_0002797,2025-06-08 09:32:37,BRK.B,282.07,411,buy,NYSE
tx_0004318,2025-06-08 09:32:38,MSFT,296.23,833,sell,NASDAQ
tx_0007231,2025-06-08 09:32:38,MSFT,300.87,568,buy,NASDAQ
tx_0009694,2025-06-08 09:32:38,PG,137.65,534,sell,NYSE
tx_0009495,2025-06-08 09:32:38,PEP,151.52,99,sell,NYSE
tx_0007731,2025-06-08 09:32:44,MSFT,298.73,177,buy,NASDAQ
tx_0001231,2025-06-08 09:32:45,PG,138.27,761,buy,NYSE
tx_0003334,2025-06-08 09:32:48,BRK.B,283.21,961,sell,NYSE
tx_0009259,2025-06-08 09:32:49,JNJ,169.89,535,sell,NYSE
tx_0007075,2025-06-08 09:32:50,DIS,179.57,905,sell,NYSE
tx_0003368,2025-06-08 09:32:55,MA,350.47,218,sell,NYSE
tx_0000010,2025-06-08 09:32:56,BRK.B,280.38,431,sell,NYSE
tx_0007065,2025-06-08 09:32:56,AAPL,150.07,800,sell,NASDAQ
tx_0008574,2025-06-08 09:32:58,DIS,179.52,913,buy,NYSE
tx_0008352,2025-06-08 09:33:06,FB,332.55,734,sell,NASDAQ
tx_0006983,2025-06-08 09:33:15,V,221.28,434,sell,NYSE
tx_0009504,2025-06-08 09:33:15,V,222.97,588,buy,NYSE
tx_0004365,2025-06-08 09:33:17,MSFT,298.2,341,sell,NASDAQ
tx_0009007,2025-06-08 09:33:17,WMT,141.33,284,sell,NYSE
tx_0007779,2025-06-08 09:33:19,MSFT,296.97,943,sell,NASDAQ
tx_0001627,2025-06-08 09:33:20,WMT,141.59,593,buy,NYSE
tx_0005222,2025-06-08 09:33:28,V,220.23,945,sell,NYSE
tx_0000146,2025-06-08 09:33:31,V,222.41,710,sell,NYSE
tx_0008916,2025-06-08 09:33:33,MCD,246.93,641,buy,NYSE
tx_0009995,2025-06-08 09:33:34,JNJ,172.27,815,sell,NYSE
tx_0000117,2025-06-08 09:33:47,NFLX,498.92,775,buy,NASDAQ
tx_0007277,2025-06-08 09:33:48,WMT,140.03,972,sell,NYSE
tx_0007159,2025-06-08 09:33:49,GOOGL,2760.04,381,buy,NASDAQ
tx_0003956,2025-06-08 09:33:51,KO,55.72,34,buy,NYSE
tx_0008090,2025-06-08 09:33:52,PYPL,252.24,912,buy,NASDAQ
tx_0008342,2025-06-08 09:33:53,AMZN,3550.12,614,buy,NASDAQ
tx_0008387,2025-06-08 09:33:57,PYPL,252.42,839,sell,NASDAQ
tx_0006493,2025-06-08 09:33:58,PYPL,253.69,261,buy,NASDAQ
tx_0004604,2025-06-08 09:34:00,TSLA,694.01,341,sell,NASDAQ
tx_0005288,2025-06-08 09:34:06,MCD,248.73,274,buy,NYSE
tx_0008375,2025-06-08 09:34:08,PG,138.1,927,buy,NYSE
tx_0007597,2025-06-08 09:34:10,JNJ,171.53,410,buy,NYSE
tx_0004985,2025-06-08 09:34:12,FB,327.59,626,buy,NASDAQ
tx_0008775,2025-06-08 09:34:15,PYPL,252.79,886,sell,NASDAQ
tx_0000439,2025-06-08 09:34:16,MA,351.74,882,sell,NYSE
tx_0004075,2025-06-08 09:34:18,FB,331.95,95,buy,NASDAQ
tx_0008791,2025-06-08 09:34:19,PG,138.28,269,buy,NYSE
tx_0006035,2025-06-08 09:34:31,MA,355.71,646,sell,NYSE
tx_0000969,2025-06-08 09:34:32,PYPL,253.14,995,sell,NASDAQ
tx_0000719,2025-06-08 09:34:33,PEP,149.65,808,sell,NYSE
tx_0002506,2025-06-08 09:34:34,TSLA,694.53,232,buy,NASDAQ
tx_0005305,2025-06-08 09:34:34,PEP,151.26,702,sell,NYSE
tx_0007289,2025-06-08 09:34:38,MCD,250.87,550,buy,NYSE
tx_0005864,2025-06-08 09:34:42,MA,351.62,978,buy,NYSE
tx_0002609,2025-06-08 09:34:44,PG,138.89,159,sell,NYSE
tx_0006287,2025-06-08 09:34:44,FB,330.36,495,buy,NASDAQ
tx_0005489,2025-06-08 09:34:44,AAPL,149.99,542,sell,NASDAQ
tx_0001229,2025-06-08 09:34:44,GOOGL,2811.68,259,buy,NASDAQ
tx_0001538,2025-06-08 09:34:45,PG,139.84,765,sell,NYSE
tx_0002877,2025-06-08 09:34:45,NFLX,491.28,469,buy,NASDAQ
tx_0005708,2025-06-08 09:34:49,AAPL,151.66,37,sell,NASDAQ
tx_0006417,2025-06-08 09:34:52,TSLA,691.44,239,buy,NASDAQ
tx_0006950,2025-06-08 09:34:53,AMZN,3514.31,609,buy,NASDAQ
tx_0003565,2025-06-08 09:34:55,PEP,150.25,824,sell,NYSE
tx_0003704,2025-06-08 09:34:56,DIS,180.27,11,buy,NYSE
tx_0006609,2025-06-08 09:34:58,PG,138.03,462,sell,NYSE
tx_0007561,2025-06-08 09:35:02,PEP,150.52,318,buy,NYSE
tx_0001597,2025-06-08 09:35:06,WMT,141.39,893,buy,NYSE
tx_0005244,2025-06-08 09:35:08,NVDA,198.31,281,sell,NASDAQ
tx_0004331,2025-06-08 09:35:17,MA,351.62,847,buy,NYSE
tx_0005753,2025-06-08 09:35:18,PEP,150.89,223,sell,NYSE
tx_0006647,2025-06-08 09:35:20,MSFT,298.56,779,sell,NASDAQ
tx_0009684,2025-06-08 09:35:20,GOOGL,2810.96,582,sell,NASDAQ
tx_0007036,2025-06-08 09:35:25,KO,55.68,708,buy,NYSE
tx_0007772,2025-06-08 09:35:32,KO,55.36,198,sell,NYSE
tx_0000909,2025-06-08 09:35:36,PYPL,252.94,342,sell,NASDAQ
tx_0004152,2025-06-08 09:35:37,V,225.65,846,sell,NYSE
tx_0006025,2025-06-08 09:35:41,ADBE,599.24,627,sell,NASDAQ
tx_0000531,2025-06-08 09:35:43,PEP,150.47,261,sell,NYSE
tx_0002283,2025-06-08 09:35:46,MCD,250.58,2,buy,NYSE
tx_0003372,2025-06-08 09:35:48,MSFT,302.15,134,sell,NASDAQ
tx_0000191,2025-06-08 09:35:54,AMZN,3528.58,169,sell,NASDAQ
tx_0000914,2025-06-08 09:36:01,WMT,140.86,250,buy,NYSE
tx_0002302,2025-06-08 09:36:05,MCD,251.27,358,sell,NYSE
tx_0006750,2025-06-08 09:36:06,MA,354.29,41,sell,NYSE
tx_0008671,2025-06-08 09:36:09,NVDA,197.48,512,sell,NASDAQ
tx_0004921,2025-06-08 09:36:10,NFLX,491.26,431,sell,NASDAQ
tx_0000308,2025-06-08 09:36:11,GOOGL,2761.29,229,sell,NASDAQ
tx_0004671,2025-06-08 09:36:17,V,224.9,511,sell,NYSE
tx_0006348,2025-06-08 09:36:19,ADBE,605.19,105,buy,NASDAQ
tx_0003394,2025-06-08 09:36:19,PG,138.82,643,sell,NYSE
tx_0000472,2025-06-08 09:36:20,MSFT,298.22,425,buy,NASDAQ
tx_0005120,2025-06-08 09:36:22,PG,138.37,645,sell,NYSE
tx_0001590,2025-06-08 09:36:23,MSFT,302.97,1,buy,NASDAQ
tx_0004459,2025-06-08 09:36:29,FB,329.31,263,buy,NASDAQ
tx_0006816,2025-06-08 09:36:29,WMT,141.47,759,sell,NYSE
tx_0001343,2025-06-08 09:36:34,FB,330.47,52,buy,NASDAQ
tx_0009814,2025-06-08 09:36:39,BRK.B,284.33,740,buy,NYSE
tx_0000352,2025-06-08 09:36:42,BRK.B,280.57,970,buy,NYSE
tx_0003599,2025-06-08 09:36:50,FB,327.59,846,buy,NASDAQ
tx_0001768,2025-06-08 09:36:51,PYPL,254.67,431,buy,NASDAQ
tx_0004303,2025-06-08 09:36:55,V,223.12,991,buy,NYSE
tx_0002068,2025-06-08 09:36:57,PYPL,253.75,105,buy,NASDAQ
tx_0008442,2025-06-08 09:36:59,JNJ,170.93,366,sell,NYSE
tx_0000949,2025-06-08 09:37:00,AMZN,3568.4,221,buy,NASDAQ
tx_0005886,2025-06-08 09:37:03,ADBE,596.96,239,buy,NASDAQ
tx_0003578,2025-06-08 09:37:04,PG,137.52,2,sell,NYSE
tx_0007439,2025-06-08 09:37:16,PEP,152.9,421,buy,NYSE
tx_0007080,2025-06-08 09:37:21,BRK.B,284.26,609,buy,NYSE
tx_0003525,2025-06-08 09:37:24,AMZN,3522.07,68,sell,NASDAQ
tx_0005994,2025-06-08 09:37:26,FB,331.84,674,buy,NASDAQ
tx_0002599,2025-06-08 09:37:28,MCD,251.02,339,buy,NYSE
tx_0004926,2025-06-08 09:37:30,BRK.B,281.29,623,buy,NYSE
tx_0003403,2025-06-08 09:37:33,MA,354.33,778,buy,NYSE
tx_0008190,2025-06-08 09:37:39,NVDA,194.98,206,buy,NASDAQ
tx_0008188,2025-06-08 09:37:43,FB,332.31,550,buy,NASDAQ
tx_0000663,2025-06-08 09:37:44,NFLX,488.05,389,buy,NASDAQ
tx_0005977,2025-06-08 09:37:52,PG,138.06,250,sell,NYSE
tx_0006904,2025-06-08 09:38:01,JNJ,170.35,947,sell,NYSE
tx_0000436,2025-06-08 09:38:02,TSLA,700.69,217,sell,NASDAQ
tx_0008191,2025-06-08 09:38:03,MSFT,296.26,952,sell,NASDAQ
tx_0007162,2025-06-08 09:38:04,NFLX,491.1,780,buy,NASDAQ
tx_0009856,2025-06-08 09:38:05,AMZN,3585.96,870,buy,NASDAQ
tx_0006306,2025-06-08 09:38:06,V,222.05,989,sell,NYSE
tx_0004646,2025-06-08 09:38:10,MA,350.34,305,buy,NYSE
tx_0008955,2025-06-08 09:38:12,FB,329.77,44,buy,NASDAQ
tx_0003953,2025-06-08 09:38:13,PG,138.09,228,buy,NYSE
tx_0008386,2025-06-08 09:38:20,PEP,153.57,699,sell,NYSE
tx_0003789,2025-06-08 09:38:23,PEP,153.41,213,buy,NYSE
tx_0000426,2025-06-08 09:38:24,AAPL,151.52,379,buy,NASDAQ
tx_0006366,2025-06-08 09:38:25,NFLX,486.55,431,sell,NASDAQ
tx_0001314,2025-06-08 09:38:25,PEP,153.06,602,sell,NYSE
tx_0009460,2025-06-08 09:38:26,PYPL,252.63,430,buy,NASDAQ
tx_0000361,2025-06-08 09:38:28,FB,328.51,105,sell,NASDAQ
tx_0000381,2025-06-08 09:38:29,MA,348.11,690,buy,NYSE
tx_0007276,2025-06-08 09:38:31,MSFT,294.35,434,buy,NASDAQ
tx_0007367,2025-06-08 09:38:32,AAPL,152.46,449,sell,NASDAQ
tx_0005164,2025-06-08 09:38:36,JNJ,168.57,479,sell,NYSE
tx_0002767,2025-06-08 09:38:38,NFLX,494.07,470,sell,NASDAQ
tx_0006831,2025-06-08 09:38:38,TSLA,696.66,88,sell,NASDAQ
tx_0006305,2025-06-08 09:38:41,PEP,152.69,876,sell,NYSE
tx_0008692,2025-06-08 09:38:41,PYPL,255.44,813,sell,NASDAQ
tx_0009615,2025-06-08 09:38:42,NFLX,494.36,298,sell,NASDAQ
tx_0000169,2025-06-08 09:38:47,NVDA,196.43,846,buy,NASDAQ
tx_0001749,2025-06-08 09:38:52,JNJ,169.16,137,sell,NYSE
tx_0008064,2025-06-08 09:38:55,ADBE,606.24,776,buy,NASDAQ
tx_0002150,2025-06-08 09:38:59,PEP,151.6,893,sell,NYSE
tx_0009387,2025-06-08 09:39:01,ADBE,598.66,944,buy,NASDAQ
tx_0004179,2025-06-08 09:39:06,NFLX,491.84,69,sell,NASDAQ
tx_0004612,2025-06-08 09:39:07,ADBE,601.33,982,buy,NASDAQ
tx_0002644,2025-06-08 09:39:08,MSFT,297.08,51,buy,NASDAQ
tx_0003122,2025-06-08 09:39:08,FB,331.77,254,sell,NASDAQ
tx_0001456,2025-06-08 09:39:08,TSLA,704.06,19,buy,NASDAQ
tx_0000114,2025-06-08 09:39:14,MA,347.74,588,buy,NYSE
tx_0006648,2025-06-08 09:39:22,GOOGL,2757.26,724,buy,NASDAQ
tx_0008062,2025-06-08 09:39:23,MA,349.07,335,sell,NYSE
tx_0005779,2025-06-08 09:39:25,PYPL,253.17,36,buy,NASDAQ
tx_0008868,2025-06-08 09:39:25,MCD,247.16,14,buy,NYSE
tx_0006667,2025-06-08 09:39:33,BRK.B,284.55,905,sell,NYSE
tx_0004463,2025-06-08 09:39:36,PYPL,251.67,479,buy,NASDAQ
tx_0008877,2025-06-08 09:39:37,NVDA,196.64,200,buy,NASDAQ
tx_0003177,2025-06-08 09:39:38,PG,135.64,400,buy,NYSE
tx_0004439,2025-06-08 09:39:39,MSFT,294.0,553,buy,NASDAQ
tx_0003820,2025-06-08 09:39:47,PYPL,254.57,189,sell,NASDAQ
tx_0004743,2025-06-08 09:39:48,PYPL,255.86,150,buy,NASDAQ
tx_0005352,2025-06-08 09:39:49,KO,55.65,70,sell,NYSE
tx_0006722,2025-06-08 09:39:51,BRK.B,287.62,100,sell,NYSE
tx_0008389,2025-06-08 09:39:54,DIS,181.15,823,sell,NYSE
tx_0006927,2025-06-08 09:39:57,MA,348.33,853,sell,NYSE
tx_0002012,2025-06-08 09:40:03,DIS,181.52,163,buy,NYSE
tx_0003624,2025-06-08 09:40:03,ADBE,610.41,325,buy,NASDAQ
tx_0006215,2025-06-08 09:40:04,AMZN,3563.83,860,sell,NASDAQ
tx_0000073,2025-06-08 09:40:05,AMZN,3558.39,695,buy,NASDAQ
tx_0009867,2025-06-08 09:40:07,PEP,153.73,181,buy,NYSE
tx_0006143,2025-06-08 09:40:08,MSFT,298.69,811,sell,NASDAQ
tx_0002784,2025-06-08 09:40:08,ADBE,606.61,381,buy,NASDAQ
tx_0000275,2025-06-08 09:40:09,FB,335.75,751,buy,NASDAQ
tx_0004220,2025-06-08 09:40:10,PYPL,255.67,341,sell,NASDAQ
tx_0001188,2025-06-08 09:40:11,PEP,152.99,215,buy,NYSE
tx_0006705,2025-06-08 09:40:17,PG,137.84,552,sell,NYSE
tx_0004241,2025-06-08 09:40:17,V,221.73,716,buy,NYSE
tx_0005712,2025-06-08 09:40:18,DIS,179.48,257,buy,NYSE
tx_0002032,2025-06-08 09:40:25,JNJ,169.75,620,sell,NYSE
tx_0002245,2025-06-08 09:40:26,AAPL,150.8,604,buy,NASDAQ
tx_0007263,2025-06-08 09:40:26,MCD,247.46,917,buy,NYSE
tx_0007516,2025-06-08 09:40:32,PYPL,251.94,432,sell,NASDAQ
tx_0008869,2025-06-08 09:40:33,AAPL,151.52,33,sell,NASDAQ
tx_0005322,2025-06-08 09:40:37,JNJ,168.51,587,buy,NYSE
tx_0002875,2025-06-08 09:40:38,PEP,152.19,962,buy,NYSE
tx_0000186,2025-06-08 09:40:38,AAPL,152.76,69,sell,NASDAQ
tx_0009308,2025-06-08 09:40:44,WMT,140.36,52,sell,NYSE
tx_0007778,2025-06-08 09:40:44,NFLX,489.33,807,buy,NASDAQ
tx_0002542,2025-06-08 09:40:48,GOOGL,2766.16,280,sell,NASDAQ
tx_0003413,2025-06-08 09:40:49,V,222.89,775,buy,NYSE
tx_0006622,2025-06-08 09:40:50,PYPL,252.92,525,buy,NASDAQ
tx_0000120,2025-06-08 09:40:53,BRK.B,286.15,890,buy,NYSE
tx_0009227,2025-06-08 09:40:57,GOOGL,2753.52,470,sell,NASDAQ
tx_0005792,2025-06-08 09:41:00,PG,135.47,489,sell,NYSE
tx_0008527,2025-06-08 09:41:02,NVDA,196.16,423,buy,NASDAQ
tx_0009066,2025-06-08 09:41:06,JNJ,171.14,302,sell,NYSE
tx_0001653,2025-06-08 09:41:06,PEP,152.91,895,buy,NYSE
tx_0003985,2025-06-08 09:41:08,PG,135.85,864,sell,NYSE
tx_0009138,2025-06-08 09:41:09,KO,55.51,810,sell,NYSE
tx_0009188,2025-06-08 09:41:11,JNJ,170.32,951,sell,NYSE
tx_0006192,2025-06-08 09:41:13,ADBE,609.65,351,sell,NASDAQ
tx_0009939,2025-06-08 09:41:13,MA,344.24,129,sell,NYSE
tx_0005355,2025-06-08 09:41:16,AMZN,3552.38,518,buy,NASDAQ
tx_0003727,2025-06-08 09:41:29,AMZN,3563.92,605,sell,NASDAQ
tx_0009394,2025-06-08 09:41:30,KO,56.43,576,buy,NYSE
tx_0002155,2025-06-08 09:41:32,MSFT,298.1,570,buy,NASDAQ
tx_0003034,2025-06-08 09:41:33,MA,346.69,322,buy,NYSE
tx_0004499,2025-06-08 09:41:36,KO,56.35,102,sell,NYSE
tx_0000955,2025-06-08 09:41:38,NVDA,198.9,386,sell,NASDAQ
tx_0005519,2025-06-08 09:41:41,MCD,250.28,429,buy,NYSE
tx_0001907,2025-06-08 09:41:43,JNJ,168.63,754,sell,NYSE
tx_0008448,2025-06-08 09:41:48,PYPL,251.5,260,buy,NASDAQ
tx_0008736,2025-06-08 09:41:52,GOOGL,2744.32,969,sell,NASDAQ
tx_0003955,2025-06-08 09:41:53,MA,348.41,754,buy,NYSE
tx_0002497,2025-06-08 09:41:57,KO,55.34,140,sell,NYSE
tx_0003686,2025-06-08 09:41:58,GOOGL,2762.28,256,buy,NASDAQ
tx_0000341,2025-06-08 09:41:59,PYPL,252.78,816,sell,NASDAQ
tx_0007862,2025-06-08 09:42:05,TSLA,692.59,155,sell,NASDAQ
tx_0008974,2025-06-08 09:42:05,PEP,152.71,726,buy,NYSE
tx_0000446,2025-06-08 09:42:08,AAPL,152.56,133,buy,NASDAQ
tx_0009299,2025-06-08 09:42:09,TSLA,696.84,262,sell,NASDAQ
tx_0005134,2025-06-08 09:42:10,MA,342.99,444,sell,NYSE
tx_0006803,2025-06-08 09:42:10,PYPL,252.93,259,sell,NASDAQ
tx_0007599,2025-06-08 09:42:11,PG,138.14,248,sell,NYSE
tx_0009193,2025-06-08 09:42:17,ADBE,600.18,242,buy,NASDAQ
tx_0005232,2025-06-08 09:42:18,PEP,151.66,83,sell,NYSE
tx_0008816,2025-06-08 09:42:24,V,222.91,316,buy,NYSE
tx_0005342,2025-06-08 09:42:28,GOOGL,2750.49,636,buy,NASDAQ
tx_0006298,2025-06-08 09:42:28,FB,331.26,93,buy,NASDAQ
tx_0008371,2025-06-08 09:42:31,PEP,152.71,927,buy,NYSE
tx_0005395,2025-06-08 09:42:34,KO,55.37,708,sell,NYSE
tx_0008479,2025-06-08 09:42:38,PG,135.54,312,sell,NYSE
tx_0006042,2025-06-08 09:42:40,MSFT,299.29,260,sell,NASDAQ
tx_0007777,2025-06-08 09:42:44,PG,136.55,117,sell,NYSE
tx_0004855,2025-06-08 09:42:45,PEP,151.58,127,sell,NYSE
tx_0009960,2025-06-08 09:42:49,FB,330.32,714,buy,NASDAQ
tx_0002021,2025-06-08 09:42:52,GOOGL,2723.82,674,sell,NASDAQ
tx_0007538,2025-06-08 09:42:55,KO,55.3,817,sell,NYSE
tx_0000059,2025-06-08 09:42:57,FB,336.36,343,sell,NASDAQ
tx_0001038,2025-06-08 09:42:58,NVDA,199.75,92,buy,NASDAQ
tx_0005088,2025-06-08 09:43:05,MCD,247.04,846,sell,NYSE
tx_0001098,2025-06-08 09:43:05,MA,347.49,59,buy,NYSE
tx_0008861,2025-06-08 09:43:06,NFLX,490.71,199,sell,NASDAQ
tx_0004656,2025-06-08 09:43:10,PG,137.42,718,sell,NYSE
tx_0005966,2025-06-08 09:43:12,FB,335.82,395,buy,NASDAQ
tx_0000074,2025-06-08 09:43:14,MCD,249.42,17,sell,NYSE
tx_0007601,2025-06-08 09:43:15,DIS,178.86,580,buy,NYSE
tx_0007332,2025-06-08 09:43:15,V,220.89,217,buy,NYSE
tx_0000367,2025-06-08 09:43:15,AAPL,150.44,657,sell,NASDAQ
tx_0004405,2025-06-08 09:43:17,NFLX,489.94,929,sell,NASDAQ
tx_0002070,2025-06-08 09:43:23,NVDA,198.43,388,buy,NASDAQ
tx_0008416,2025-06-08 09:43:27,FB,331.95,102,buy,NASDAQ
tx_0001852,2025-06-08 09:43:28,NVDA,197.54,972,sell,NASDAQ
tx_0002795,2025-06-08 09:43:29,GOOGL,2719.91,378,buy,NASDAQ
tx_0003663,2025-06-08 09:43:34,AMZN,3630.75,636,buy,NASDAQ
tx_0001305,2025-06-08 09:43:34,MA,348.84,411,sell,NYSE
tx_0000028,2025-06-08 09:43:34,TSLA,698.18,695,sell,NASDAQ
tx_0007105,2025-06-08 09:43:37,GOOGL,2722.5,570,sell,NASDAQ
tx_0003518,2025-06-08 09:43:40,DIS,178.59,862,sell,NYSE
tx_0005863,2025-06-08 09:43:43,DIS,178.64,593,buy,NYSE
tx_0000491,2025-06-08 09:43:43,MSFT,299.98,909,buy,NASDAQ
tx_0001309,2025-06-08 09:43:44,DIS,178.6,491,sell,NYSE
tx_0000865,2025-06-08 09:43:45,WMT,143.28,926,buy,NYSE
tx_0001612,2025-06-08 09:43:47,FB,337.75,302,sell,NASDAQ
tx_0004007,2025-06-08 09:43:50,MA,348.13,985,sell,NYSE
tx_0009081,2025-06-08 09:43:51,AMZN,3626.19,637,sell,NASDAQ
tx_0004008,2025-06-08 09:43:51,PG,136.57,117,buy,NYSE
tx_0004373,2025-06-08 09:44:06,MSFT,297.34,416,buy,NASDAQ
tx_0007943,2025-06-08 09:44:07,GOOGL,2767.56,306,buy,NASDAQ
tx_0007803,2025-06-08 09:44:09,WMT,141.17,421,sell,NYSE
tx_0004793,2025-06-08 09:44:11,KO,55.89,162,sell,NYSE
tx_0003441,2025-06-08 09:44:13,MA,348.78,439,buy,NYSE
tx_0004705,2025-06-08 09:44:13,GOOGL,2758.23,174,buy,NASDAQ
tx_0003865,2025-06-08 09:44:16,V,223.61,669,buy,NYSE
tx_0005839,2025-06-08 09:44:20,GOOGL,2760.25,194,sell,NASDAQ
tx_0002627,2025-06-08 09:44:20,MA,348.75,10,buy,NYSE
tx_0004340,2025-06-08 09:44:21,KO,56.28,125,buy,NYSE
tx_0009870,2025-06-08 09:44:26,NFLX,489.1,999,buy,NASDAQ
tx_0007090,2025-06-08 09:44:27,MSFT,299.39,699,buy,NASDAQ
tx_0006347,2025-06-08 09:44:27,TSLA,700.08,778,sell,NASDAQ
tx_0009993,2025-06-08 09:44:31,PYPL,250.14,828,buy,NASDAQ
tx_0007981,2025-06-08 09:44:31,MSFT,298.65,826,sell,NASDAQ
tx_0005593,2025-06-08 09:44:37,BRK.B,287.09,847,buy,NYSE
tx_0002729,2025-06-08 09:44:43,MSFT,302.59,586,buy,NASDAQ
tx_0006269,2025-06-08 09:44:47,NVDA,199.12,50,sell,NASDAQ
tx_0001929,2025-06-08 09:44:51,MSFT,298.64,464,sell,NASDAQ
tx_0003414,2025-06-08 09:44:51,KO,55.94,925,buy,NYSE
tx_0008409,2025-06-08 09:44:52,NVDA,198.4,503,sell,NASDAQ
tx_0007591,2025-06-08 09:44:55,JNJ,171.11,711,sell,NYSE
tx_0008902,2025-06-08 09:44:56,WMT,142.2,84,buy,NYSE
tx_0001618,2025-06-08 09:44:58,ADBE,601.59,26,buy,NASDAQ
tx_0002420,2025-06-08 09:44:59,DIS,179.28,305,buy,NYSE
tx_0002986,2025-06-08 09:44:59,BRK.B,283.55,937,sell,NYSE
tx_0005512,2025-06-08 09:45:00,JNJ,168.96,888,buy,NYSE
tx_0008132,2025-06-08 09:45:02,JNJ,170.66,199,sell,NYSE
tx_0009639,2025-06-08 09:45:04,AAPL,152.84,560,sell,NASDAQ
tx_0000092,2025-06-08 09:45:05,JNJ,170.41,537,sell,NYSE
tx_0006162,2025-06-08 09:45:07,DIS,179.54,237,buy,NYSE
tx_0003405,2025-06-08 09:45:08,AAPL,150.84,698,buy,NASDAQ
tx_0002533,2025-06-08 09:45:10,ADBE,607.11,534,buy,NASDAQ
tx_0004783,2025-06-08 09:45:13,NVDA,199.97,91,sell,NASDAQ
tx_0008702,2025-06-08 09:45:14,GOOGL,2715.78,782,sell,NASDAQ
tx_0009056,2025-06-08 09:45:14,PYPL,249.38,168,sell,NASDAQ
tx_0008747,2025-06-08 09:45:23,WMT,143.24,349,buy,NYSE
tx_0007297,2025-06-08 09:45:24,PEP,150.94,902,sell,NYSE
tx_0001113,2025-06-08 09:45:24,FB,332.23,767,sell,NASDAQ
tx_0009954,2025-06-08 09:45:25,KO,55.82,17,sell,NYSE
tx_0001985,2025-06-08 09:45:32,PG,135.69,618,buy,NYSE
tx_0001404,2025-06-08 09:45:38,MCD,248.16,266,buy,NYSE
tx_0006171,2025-06-08 09:45:38,MA,346.69,228,buy,NYSE
tx_0009557,2025-06-08 09:45:39,KO,55.17,681,buy,NYSE
tx_0003689,2025-06-08 09:45:40,AMZN,3620.07,288,sell,NASDAQ
tx_0008443,2025-06-08 09:45:41,ADBE,604.29,630,buy,NASDAQ
tx_0001975,2025-06-08 09:45:44,PYPL,253.2,658,sell,NASDAQ
tx_0007627,2025-06-08 09:45:45,DIS,177.66,762,sell,NYSE
tx_0007509,2025-06-08 09:45:47,V,223.67,816,sell,NYSE
tx_0004734,2025-06-08 09:45:47,AAPL,151.05,587,sell,NASDAQ
tx_0007636,2025-06-08 09:45:50,AAPL,152.91,196,sell,NASDAQ
tx_0006313,2025-06-08 09:45:53,PG,136.0,202,buy,NYSE
tx_0004881,2025-06-08 09:45:53,AAPL,152.15,850,buy,NASDAQ
tx_0000626,2025-06-08 09:45:54,PYPL,251.56,569,buy,NASDAQ
tx_0007913,2025-06-08 09:45:56,PEP,152.55,773,sell,NYSE
tx_0006518,2025-06-08 09:45:58,V,225.73,22,sell,NYSE
tx_0005731,2025-06-08 09:45:58,DIS,180.77,136,sell,NYSE
tx_0004063,2025-06-08 09:46:01,FB,333.28,210,buy,NASDAQ
tx_0006969,2025-06-08 09:46:01,KO,55.24,36,sell,NYSE
tx_0006130,2025-06-08 09:46:02,JNJ,172.41,430,sell,NYSE
tx_0009512,2025-06-08 09:46:09,NVDA,201.12,977,sell,NASDAQ
tx_0007482,2025-06-08 09:46:12,NVDA,201.03,971,buy,NASDAQ
tx_0005042,2025-06-08 09:46:12,JNJ,170.53,918,buy,NYSE
tx_0007413,2025-06-08 09:46:13,BRK.B,284.41,261,sell,NYSE
tx_0000647,2025-06-08 09:46:15,MCD,244.72,328,buy,NYSE
tx_0002971,2025-06-08 09:46:15,PEP,152.56,475,buy,NYSE
tx_0009052,2025-06-08 09:46:18,GOOGL,2740.68,879,sell,NASDAQ
tx_0001030,2025-06-08 09:46:20,FB,336.36,447,buy,NASDAQ
tx_0004966,2025-06-08 09:46:22,MA,345.12,147,sell,NYSE
tx_0008336,2025-06-08 09:46:24,WMT,142.91,835,buy,NYSE
tx_0000831,2025-06-08 09:46:27,AAPL,152.98,975,buy,NASDAQ
tx_0001463,2025-06-08 09:46:28,GOOGL,2725.27,834,sell,NASDAQ
tx_0007340,2025-06-08 09:46:32,NVDA,200.13,174,sell,NASDAQ
tx_0007441,2025-06-08 09:46:34,ADBE,607.14,887,buy,NASDAQ
tx_0008787,2025-06-08 09:46:35,GOOGL,2739.81,336,sell,NASDAQ
tx_0005203,2025-06-08 09:46:41,GOOGL,2773.91,422,sell,NASDAQ
tx_0000196,2025-06-08 09:46:42,KO,55.48,533,sell,NYSE
tx_0009049,2025-06-08 09:46:42,GOOGL,2771.15,106,buy,NASDAQ
tx_0003266,2025-06-08 09:46:42,PEP,151.44,563,buy,NYSE
tx_0000355,2025-06-08 09:46:45,FB,334.19,952,sell,NASDAQ
tx_0001485,2025-06-08 09:46:50,PYPL,251.1,759,sell,NASDAQ
tx_0008549,2025-06-08 09:46:52,BRK.B,284.99,857,buy,NYSE
tx_0009431,2025-06-08 09:46:54,ADBE,613.48,964,sell,NASDAQ
tx_0002198,2025-06-08 09:46:55,V,224.64,86,sell,NYSE
tx_0002647,2025-06-08 09:47:02,NVDA,199.14,981,sell,NASDAQ
tx_0007895,2025-06-08 09:47:02,PYPL,251.59,907,buy,NASDAQ
tx_0002630,2025-06-08 09:47:05,DIS,178.29,888,buy,NYSE
tx_0006240,2025-06-08 09:47:10,NVDA,197.08,550,sell,NASDAQ
tx_0001096,2025-06-08 09:47:10,ADBE,609.63,115,sell,NASDAQ
tx_0006519,2025-06-08 09:47:10,V,224.9,950,sell,NYSE
tx_0007176,2025-06-08 09:47:15,AAPL,151.53,862,sell,NASDAQ
tx_0005270,2025-06-08 09:47:15,FB,333.14,818,sell,NASDAQ
tx_0000385,2025-06-08 09:47:16,NFLX,500.27,905,sell,NASDAQ
tx_0004409,2025-06-08 09:47:18,MCD,245.12,844,buy,NYSE
tx_0008492,2025-06-08 09:47:19,PEP,151.66,690,buy,NYSE
tx_0000326,2025-06-08 09:47:21,PG,136.62,617,sell,NYSE
tx_0000621,2025-06-08 09:47:23,BRK.B,284.06,767,buy,NYSE
tx_0002165,2025-06-08 09:47:28,WMT,142.69,924,buy,NYSE
tx_0005010,2025-06-08 09:47:30,AMZN,3592.49,404,buy,NASDAQ
tx_0001605,2025-06-08 09:47:33,PG,136.29,705,buy,NYSE
tx_0008784,2025-06-08 09:47:34,KO,54.66,947,sell,NYSE
tx_0005829,2025-06-08 09:47:38,WMT,142.67,694,sell,NYSE
tx_0005866,2025-06-08 09:47:39,WMT,143.83,112,buy,NYSE
tx_0007953,2025-06-08 09:47:39,AMZN,3593.7,806,buy,NASDAQ
tx_0004937,2025-06-08 09:47:41,ADBE,609.2,439,sell,NASDAQ
tx_0002789,2025-06-08 09:47:47,MSFT,302.55,884,buy,NASDAQ
tx_0009713,2025-06-08 09:47:49,MSFT,298.22,722,sell,NASDAQ
tx_0005147,2025-06-08 09:47:54,AMZN,3592.55,34,buy,NASDAQ
tx_0006327,2025-06-08 09:47:56,MSFT,299.98,658,sell,NASDAQ
tx_0001831,2025-06-08 09:47:59,BRK.B,284.78,874,buy,NYSE
tx_0002632,2025-06-08 09:48:00,TSLA,699.23,828,sell,NASDAQ
tx_0005299,2025-06-08 09:48:00,MA,346.65,553,sell,NYSE
tx_0001858,2025-06-08 09:48:02,BRK.B,288.97,344,buy,NYSE
tx_0004630,2025-06-08 09:48:04,AAPL,153.02,21,buy,NASDAQ
tx_0006602,2025-06-08 09:48:06,BRK.B,287.5,784,buy,NYSE
tx_0000930,2025-06-08 09:48:07,GOOGL,2766.32,239,sell,NASDAQ
tx_0007896,2025-06-08 09:48:16,NVDA,200.57,430,buy,NASDAQ
tx_0005298,2025-06-08 09:48:20,AAPL,150.24,286,sell,NASDAQ
tx_0005080,2025-06-08 09:48:21,GOOGL,2760.2,988,sell,NASDAQ
tx_0008031,2025-06-08 09:48:22,AAPL,152.28,232,sell,NASDAQ
tx_0004714,2025-06-08 09:48:24,KO,55.21,560,buy,NYSE
tx_0001991,2025-06-08 09:48:27,KO,54.47,358,buy,NYSE
tx_0001326,2025-06-08 09:48:28,MSFT,301.08,327,buy,NASDAQ
tx_0007134,2025-06-08 09:48:39,AMZN,3582.51,216,sell,NASDAQ
tx_0004319,2025-06-08 09:48:40,V,223.48,455,buy,NYSE
tx_0001554,2025-06-08 09:48:45,PEP,151.46,956,sell,NYSE
tx_0000794,2025-06-08 09:48:45,MA,345.08,173,buy,NYSE
tx_0005310,2025-06-08 09:48:47,BRK.B,285.89,806,sell,NYSE
tx_0000138,2025-06-08 09:48:53,KO,55.2,466,sell,NYSE
tx_0002266,2025-06-08 09:48:56,V,223.0,996,buy,NYSE
tx_0005234,2025-06-08 09:48:56,DIS,179.88,10,sell,NYSE
tx_0000595,2025-06-08 09:48:56,BRK.B,287.11,410,buy,NYSE
tx_0008407,2025-06-08 09:48:58,PG,137.12,224,buy,NYSE
tx_0001226,2025-06-08 09:48:59,BRK.B,286.18,79,sell,NYSE
tx_0000706,2025-06-08 09:48:59,WMT,141.81,137,buy,NYSE
tx_0007853,2025-06-08 09:49:00,PG,135.4,966,buy,NYSE
tx_0007397,2025-06-08 09:49:00,NFLX,495.0,119,buy,NASDAQ
tx_0000875,2025-06-08 09:49:03,DIS,180.02,449,buy,NYSE
tx_0005338,2025-06-08 09:49:14,PG,135.07,733,sell,NYSE
tx_0000084,2025-06-08 09:49:15,BRK.B,285.56,30,buy,NYSE
tx_0005537,2025-06-08 09:49:15,PEP,150.59,764,buy,NYSE
tx_0006819,2025-06-08 09:49:16,FB,334.46,194,sell,NASDAQ
tx_0007907,2025-06-08 09:49:18,TSLA,710.19,813,sell,NASDAQ
tx_0000960,2025-06-08 09:49:18,BRK.B,288.65,103,sell,NYSE
tx_0004509,2025-06-08 09:49:19,KO,55.27,501,sell,NYSE
tx_0009360,2025-06-08 09:49:23,NVDA,197.34,924,sell,NASDAQ
tx_0009844,2025-06-08 09:49:23,MA,349.79,412,sell,NYSE
tx_0006984,2025-06-08 09:49:25,AAPL,150.09,26,buy,NASDAQ
tx_0001996,2025-06-08 09:49:27,MA,344.46,603,buy,NYSE
tx_0006948,2025-06-08 09:49:28,NVDA,198.24,781,buy,NASDAQ
tx_0000544,2025-06-08 09:49:28,NFLX,496.5,928,buy,NASDAQ
tx_0001974,2025-06-08 09:49:30,MCD,247.7,945,sell,NYSE
tx_0002044,2025-06-08 09:49:32,NVDA,200.13,619,buy,NASDAQ
tx_0009677,2025-06-08 09:49:33,AAPL,151.55,12,sell,NASDAQ
tx_0001075,2025-06-08 09:49:36,ADBE,609.9,562,buy,NASDAQ
tx_0003429,2025-06-08 09:49:37,NVDA,199.48,152,buy,NASDAQ
tx_0002520,2025-06-08 09:49:39,AMZN,3631.57,467,buy,NASDAQ
tx_0005826,2025-06-08 09:49:43,PG,136.46,726,buy,NYSE
tx_0009537,2025-06-08 09:49:55,JNJ,169.74,589,sell,NYSE
tx_0004100,2025-06-08 09:49:58,V,224.13,457,sell,NYSE
tx_0003583,2025-06-08 09:50:01,MSFT,300.03,683,buy,NASDAQ
tx_0005415,2025-06-08 09:50:01,NVDA,198.17,764,buy,NASDAQ
tx_0005436,2025-06-08 09:50:02,GOOGL,2783.1,34,sell,NASDAQ
tx_0003464,2025-06-08 09:50:07,KO,55.6,266,buy,NYSE
tx_0006571,2025-06-08 09:50:10,TSLA,705.45,324,sell,NASDAQ
tx_0006457,2025-06-08 09:50:11,MSFT,302.43,771,buy,NASDAQ
tx_0002638,2025-06-08 09:50:17,MSFT,298.27,87,buy,NASDAQ
tx_0007347,2025-06-08 09:50:18,KO,54.71,483,buy,NYSE
tx_0008590,2025-06-08 09:50:19,MCD,242.92,6,buy,NYSE
tx_0009416,2025-06-08 09:50:19,ADBE,607.25,450,sell,NASDAQ
tx_0008768,2025-06-08 09:50:26,WMT,141.95,358,sell,NYSE
tx_0005912,2025-06-08 09:50:26,V,224.11,972,buy,NYSE
tx_0004968,2025-06-08 09:50:27,PG,135.35,923,sell,NYSE
tx_0008139,2025-06-08 09:50:30,BRK.B,288.28,828,buy,NYSE
tx_0001312,2025-06-08 09:50:31,MA,347.43,939,buy,NYSE
tx_0006201,2025-06-08 09:50:31,ADBE,616.4,361,sell,NASDAQ
tx_0006459,2025-06-08 09:50:32,PG,134.56,432,buy,NYSE
tx_0004177,2025-06-08 09:50:33,FB,338.54,330,buy,NASDAQ
tx_0003285,2025-06-08 09:50:33,KO,54.66,290,sell,NYSE
tx_0001899,2025-06-08 09:50:37,MCD,246.06,950,sell,NYSE
tx_0008782,2025-06-08 09:50:52,AAPL,151.83,745,buy,NASDAQ
tx_0003994,2025-06-08 09:50:54,AAPL,152.5,285,sell,NASDAQ
tx_0003858,2025-06-08 09:50:58,NFLX,499.53,673,buy,NASDAQ
tx_0001509,2025-06-08 09:50:59,AMZN,3642.09,689,buy,NASDAQ
tx_0001446,2025-06-08 09:51:01,NVDA,199.96,985,sell,NASDAQ
tx_0003867,2025-06-08 09:51:12,NVDA,198.18,758,buy,NASDAQ
tx_0001950,2025-06-08 09:51:13,PEP,153.19,600,buy,NYSE
tx_0005126,2025-06-08 09:51:14,FB,340.15,449,sell,NASDAQ
tx_0004667,2025-06-08 09:51:15,TSLA,701.48,925,buy,NASDAQ
tx_0006498,2025-06-08 09:51:15,NVDA,198.27,103,buy,NASDAQ
tx_0001204,2025-06-08 09:51:15,BRK.B,284.42,478,buy,NYSE
tx_0005799,2025-06-08 09:51:16,NFLX,497.91,778,sell,NASDAQ
tx_0004786,2025-06-08 09:51:18,AAPL,151.53,617,sell,NASDAQ
tx_0006924,2025-06-08 09:51:19,DIS,181.22,685,buy,NYSE
tx_0009647,2025-06-08 09:51:25,TSLA,707.99,440,buy,NASDAQ
tx_0005940,2025-06-08 09:51:25,DIS,182.5,183,buy,NYSE
tx_0003892,2025-06-08 09:51:30,KO,54.66,966,buy,NYSE
tx_0003095,2025-06-08 09:51:33,BRK.B,285.57,771,buy,NYSE
tx_0008247,2025-06-08 09:51:37,KO,55.06,491,sell,NYSE
tx_0004109,2025-06-08 09:51:39,ADBE,614.4,56,buy,NASDAQ
tx_0005678,2025-06-08 09:51:42,MA,351.02,868,sell,NYSE
tx_0008866,2025-06-08 09:51:44,PEP,154.03,344,buy,NYSE
tx_0004706,2025-06-08 09:51:47,PG,135.19,103,buy,NYSE
tx_0007818,2025-06-08 09:51:47,TSLA,698.28,78,sell,NASDAQ
tx_0002699,2025-06-08 09:51:49,KO,55.3,448,sell,NYSE
tx_0009444,2025-06-08 09:51:50,MA,349.3,631,buy,NYSE
tx_0004933,2025-06-08 09:51:51,AMZN,3675.15,425,buy,NASDAQ
tx_0001228,2025-06-08 09:51:52,AMZN,3622.29,269,sell,NASDAQ
tx_0002676,2025-06-08 09:52:00,MA,344.26,652,sell,NYSE
tx_0005364,2025-06-08 09:52:01,PG,135.24,52,buy,NYSE
tx_0001732,2025-06-08 09:52:05,FB,338.17,875,sell,NASDAQ
tx_0009745,2025-06-08 09:52:06,ADBE,618.41,383,sell,NASDAQ
tx_0009764,2025-06-08 09:52:11,MSFT,303.34,880,buy,NASDAQ
tx_0009205,2025-06-08 09:52:12,FB,336.99,546,sell,NASDAQ
tx_0005901,2025-06-08 09:52:13,WMT,141.21,178,buy,NYSE
tx_0003504,2025-06-08 09:52:16,MA,344.24,165,buy,NYSE
tx_0003922,2025-06-08 09:52:19,WMT,142.51,980,buy,NYSE
tx_0002806,2025-06-08 09:52:23,DIS,182.05,827,sell,NYSE
tx_0008719,2025-06-08 09:52:27,PYPL,250.79,419,buy,NASDAQ
tx_0004393,2025-06-08 09:52:28,PYPL,250.86,802,sell,NASDAQ
tx_0005162,2025-06-08 09:52:31,PEP,154.36,141,sell,NYSE
tx_0003307,2025-06-08 09:52:32,MA,347.85,60,sell,NYSE
tx_0003164,2025-06-08 09:52:38,NVDA,198.17,226,sell,NASDAQ
tx_0002531,2025-06-08 09:52:39,ADBE,614.23,628,buy,NASDAQ
tx_0007495,2025-06-08 09:52:41,MCD,242.16,990,buy,NYSE
tx_0001176,2025-06-08 09:52:44,PEP,151.56,576,sell,NYSE
tx_0001222,2025-06-08 09:52:44,AMZN,3642.53,980,sell,NASDAQ
tx_0001530,2025-06-08 09:52:47,NVDA,197.86,466,buy,NASDAQ
tx_0001523,2025-06-08 09:52:47,FB,339.47,110,buy,NASDAQ
tx_0000555,2025-06-08 09:52:50,AAPL,150.86,588,sell,NASDAQ
tx_0009722,2025-06-08 09:52:55,PEP,151.73,135,buy,NYSE
tx_0005594,2025-06-08 09:52:59,NVDA,196.26,222,buy,NASDAQ
tx_0006184,2025-06-08 09:52:59,DIS,182.26,550,buy,NYSE
tx_0001981,2025-06-08 09:53:04,AMZN,3695.94,433,sell,NASDAQ
tx_0008684,2025-06-08 09:53:06,FB,339.58,777,sell,NASDAQ
tx_0001419,2025-06-08 09:53:10,ADBE,617.69,132,sell,NASDAQ
tx_0005216,2025-06-08 09:53:12,KO,55.52,464,buy,NYSE
tx_0002405,2025-06-08 09:53:15,V,226.41,695,sell,NYSE
tx_0004258,2025-06-08 09:53:17,V,225.73,663,sell,NYSE
tx_0000598,2025-06-08 09:53:17,FB,335.41,454,buy,NASDAQ
tx_0008968,2025-06-08 09:53:24,GOOGL,2750.19,301,buy,NASDAQ
tx_0000652,2025-06-08 09:53:29,JNJ,170.59,188,sell,NYSE
tx_0007505,2025-06-08 09:53:33,NVDA,197.81,829,sell,NASDAQ
tx_0001340,2025-06-08 09:53:36,NFLX,501.91,367,buy,NASDAQ
tx_0006362,2025-06-08 09:53:38,PEP,152.25,140,sell,NYSE
tx_0000369,2025-06-08 09:53:44,V,223.11,303,sell,NYSE
tx_0005630,2025-06-08 09:53:47,WMT,142.56,439,sell,NYSE
tx_0003678,2025-06-08 09:53:48,MSFT,296.94,564,sell,NASDAQ
tx_0008512,2025-06-08 09:53:48,AAPL,150.25,709,sell,NASDAQ
tx_0005143,2025-06-08 09:53:49,PEP,151.35,526,buy,NYSE
tx_0007177,2025-06-08 09:53:50,AMZN,3628.31,928,sell,NASDAQ
tx_0001694,2025-06-08 09:53:51,BRK.B,287.61,391,buy,NYSE
tx_0007131,2025-06-08 09:53:51,AAPL,152.15,159,sell,NASDAQ
tx_0002127,2025-06-08 09:53:53,AMZN,3660.53,672,sell,NASDAQ
tx_0000819,2025-06-08 09:53:54,PYPL,253.57,552,sell,NASDAQ
tx_0004663,2025-06-08 09:54:00,GOOGL,2754.47,968,sell,NASDAQ
tx_0005680,2025-06-08 09:54:00,NFLX,495.0,108,sell,NASDAQ
tx_0006361,2025-06-08 09:54:01,KO,54.6,272,buy,NYSE
tx_0004104,2025-06-08 09:54:01,GOOGL,2771.43,160,sell,NASDAQ
tx_0004056,2025-06-08 09:54:02,DIS,183.25,71,sell,NYSE
tx_0008457,2025-06-08 09:54:03,FB,338.37,247,buy,NASDAQ
tx_0005064,2025-06-08 09:54:15,MA,346.51,12,buy,NYSE
tx_0007552,2025-06-08 09:54:15,V,225.42,608,sell,NYSE
tx_0003759,2025-06-08 09:54:16,GOOGL,2763.7,482,sell,NASDAQ
tx_0007695,2025-06-08 09:54:16,ADBE,622.23,985,buy,NASDAQ
tx_0009508,2025-06-08 09:54:19,PYPL,250.58,372,buy,NASDAQ
tx_0007243,2025-06-08 09:54:24,WMT,142.41,931,sell,NYSE
tx_0009985,2025-06-08 09:54:25,TSLA,692.41,863,buy,NASDAQ
tx_0007447,2025-06-08 09:54:30,KO,55.58,332,buy,NYSE
tx_0003776,2025-06-08 09:54:37,MA,341.75,208,buy,NYSE
tx_0008400,2025-06-08 09:54:41,ADBE,618.81,917,sell,NASDAQ
tx_0003639,2025-06-08 09:54:41,V,224.56,568,buy,NYSE
tx_0009667,2025-06-08 09:54:42,ADBE,621.76,90,buy,NASDAQ
tx_0008176,2025-06-08 09:54:43,NFLX,498.77,17,buy,NASDAQ
tx_0003679,2025-06-08 09:54:47,BRK.B,284.28,135,sell,NYSE
tx_0000891,2025-06-08 09:54:47,AMZN,3652.19,439,buy,NASDAQ
tx_0000800,2025-06-08 09:54:50,MSFT,298.46,460,sell,NASDAQ
tx_0008615,2025-06-08 09:54:51,BRK.B,284.34,731,sell,NYSE
tx_0004788,2025-06-08 09:54:55,MCD,240.5,139,buy,NYSE
tx_0004720,2025-06-08 09:54:55,PYPL,250.8,972,sell,NASDAQ
tx_0009079,2025-06-08 09:54:56,FB,334.5,151,sell,NASDAQ
tx_0008929,2025-06-08 09:54:56,WMT,141.19,403,sell,NYSE
tx_0004475,2025-06-08 09:54:57,TSLA,706.75,224,buy,NASDAQ
tx_0005887,2025-06-08 09:55:03,FB,338.79,627,buy,NASDAQ
tx_0001875,2025-06-08 09:55:05,JNJ,169.59,161,buy,NYSE
tx_0007318,2025-06-08 09:55:10,KO,55.38,330,sell,NYSE
tx_0001016,2025-06-08 09:55:11,PEP,151.06,688,buy,NYSE
tx_0002670,2025-06-08 09:55:13,MSFT,299.96,281,sell,NASDAQ
tx_0006664,2025-06-08 09:55:15,TSLA,695.01,795,buy,NASDAQ
tx_0002041,2025-06-08 09:55:16,KO,55.29,940,buy,NYSE
tx_0004796,2025-06-08 09:55:21,KO,54.73,449,sell,NYSE
tx_0003253,2025-06-08 09:55:22,BRK.B,287.14,627,sell,NYSE
tx_0002132,2025-06-08 09:55:30,WMT,141.25,49,sell,NYSE
tx_0005445,2025-06-08 09:55:31,NVDA,198.37,54,buy,NASDAQ
tx_0004364,2025-06-08 09:55:36,DIS,179.07,596,buy,NYSE
tx_0002798,2025-06-08 09:55:37,GOOGL,2761.73,22,sell,NASDAQ
tx_0007167,2025-06-08 09:55:38,PG,133.71,646,buy,NYSE
tx_0000358,2025-06-08 09:55:40,TSLA,696.11,256,sell,NASDAQ
tx_0007232,2025-06-08 09:55:43,FB,339.44,278,sell,NASDAQ
tx_0004043,2025-06-08 09:55:51,KO,54.33,231,sell,NYSE
tx_0005018,2025-06-08 09:55:56,BRK.B,283.48,196,sell,NYSE
tx_0001475,2025-06-08 09:55:58,TSLA,696.9,206,sell,NASDAQ
tx_0004632,2025-06-08 09:55:58,TSLA,691.49,534,buy,NASDAQ
tx_0009204,2025-06-08 09:55:59,MA,346.34,107,sell,NYSE
tx_0003868,2025-06-08 09:56:01,BRK.B,283.46,937,buy,NYSE
tx_0005608,2025-06-08 09:56:01,TSLA,704.04,84,sell,NASDAQ
tx_0005949,2025-06-08 09:56:06,ADBE,613.99,525,buy,NASDAQ
tx_0008766,2025-06-08 09:56:14,KO,54.49,162,sell,NYSE
tx_0005810,2025-06-08 09:56:14,MA,348.16,412,buy,NYSE
tx_0001021,2025-06-08 09:56:15,PEP,150.39,713,sell,NYSE
tx_0006411,2025-06-08 09:56:17,PG,134.24,341,buy,NYSE
tx_0002887,2025-06-08 09:56:21,V,224.07,366,buy,NYSE
tx_0005844,2025-06-08 09:56:23,AAPL,151.04,593,buy,NASDAQ
tx_0007721,2025-06-08 09:56:24,ADBE,614.34,493,sell,NASDAQ
tx_0002886,2025-06-08 09:56:25,TSLA,693.57,899,buy,NASDAQ
tx_0005853,2025-06-08 09:56:26,AMZN,3687.06,763,sell,NASDAQ
tx_0000888,2025-06-08 09:56:27,MCD,238.99,31,buy,NYSE
tx_0003755,2025-06-08 09:56:30,DIS,181.66,442,buy,NYSE
tx_0004151,2025-06-08 09:56:32,PEP,151.51,322,sell,NYSE
tx_0007877,2025-06-08 09:56:33,V,228.22,193,sell,NYSE
tx_0005253,2025-06-08 09:56:35,PYPL,252.44,36,sell,NASDAQ
tx_0001726,2025-06-08 09:56:36,KO,55.47,1,buy,NYSE
tx_0001872,2025-06-08 09:56:40,MA,345.27,959,sell,NYSE
tx_0001078,2025-06-08 09:56:42,WMT,141.5,654,buy,NYSE
tx_0006563,2025-06-08 09:56:43,AAPL,153.14,106,buy,NASDAQ
tx_0003517,2025-06-08 09:56:45,AMZN,3616.42,723,sell,NASDAQ
tx_0008849,2025-06-08 09:56:48,NFLX,500.51,848,sell,NASDAQ
tx_0003914,2025-06-08 09:56:48,AAPL,152.89,982,sell,NASDAQ
tx_0009977,2025-06-08 09:56:48,NFLX,494.99,817,buy,NASDAQ
tx_0006202,2025-06-08 09:56:52,PEP,152.22,858,sell,NYSE
tx_0001920,2025-06-08 09:56:57,AMZN,3640.81,717,sell,NASDAQ
tx_0004715,2025-06-08 09:56:57,V,227.8,929,sell,NYSE
tx_0005212,2025-06-08 09:56:57,PEP,151.72,83,sell,NYSE
tx_0008170,2025-06-08 09:56:57,ADBE,614.75,327,sell,NASDAQ
tx_0005220,2025-06-08 09:56:59,ADBE,617.3,107,buy,NASDAQ
tx_0000946,2025-06-08 09:57:02,GOOGL,2745.06,583,sell,NASDAQ
tx_0004723,2025-06-08 09:57:03,BRK.B,283.29,548,sell,NYSE
tx_0001105,2025-06-08 09:57:05,PYPL,252.85,170,buy,NASDAQ
tx_0009908,2025-06-08 09:57:06,PEP,152.68,384,buy,NYSE
tx_0001166,2025-06-08 09:57:07,MCD,241.97,324,sell,NYSE
tx_0004359,2025-06-08 09:57:12,PEP,151.75,326,sell,NYSE
tx_0003715,2025-06-08 09:57:15,AAPL,153.47,516,sell,NASDAQ
tx_0002679,2025-06-08 09:57:15,MA,347.2,192,buy,NYSE
tx_0009309,2025-06-08 09:57:17,PYPL,252.85,145,sell,NASDAQ
tx_0006552,2025-06-08 09:57:18,GOOGL,2770.93,137,sell,NASDAQ
tx_0007574,2025-06-08 09:57:19,GOOGL,2731.4,364,buy,NASDAQ
tx_0004860,2025-06-08 09:57:21,PYPL,253.28,426,sell,NASDAQ
tx_0007522,2025-06-08 09:57:23,FB,335.35,55,sell,NASDAQ
tx_0003054,2025-06-08 09:57:23,PYPL,254.64,195,buy,NASDAQ
tx_0006088,2025-06-08 09:57:26,JNJ,170.72,345,sell,NYSE
tx_0001895,2025-06-08 09:57:27,PYPL,254.2,260,buy,NASDAQ
tx_0003511,2025-06-08 09:57:29,NVDA,195.61,498,buy,NASDAQ
tx_0006108,2025-06-08 09:57:33,GOOGL,2740.17,513,buy,NASDAQ
tx_0001211,2025-06-08 09:57:33,GOOGL,2737.89,406,sell,NASDAQ
tx_0007261,2025-06-08 09:57:34,PYPL,254.78,541,buy,NASDAQ
tx_0001759,2025-06-08 09:57:38,PYPL,250.63,531,sell,NASDAQ
tx_0009450,2025-06-08 09:57:39,WMT,143.71,970,sell,NYSE
tx_0009448,2025-06-08 09:57:42,MA,341.27,678,buy,NYSE
tx_0007918,2025-06-08 09:57:42,PEP,153.05,2,sell,NYSE
tx_0007605,2025-06-08 09:57:42,AAPL,151.97,956,buy,NASDAQ
tx_0006095,2025-06-08 09:57:44,JNJ,170.54,478,sell,NYSE
tx_0009281,2025-06-08 09:57:47,NVDA,196.86,668,buy,NASDAQ
tx_0006354,2025-06-08 09:57:47,DIS,181.68,167,sell,NYSE
tx_0005039,2025-06-08 09:57:50,PG,133.81,298,sell,NYSE
tx_0002257,2025-06-08 09:57:52,KO,55.02,828,buy,NYSE
tx_0003465,2025-06-08 09:57:53,PEP,153.56,491,buy,NYSE
tx_0006267,2025-06-08 09:57:54,GOOGL,2739.7,604,sell,NASDAQ
tx_0004951,2025-06-08 09:58:00,NFLX,498.27,249,sell,NASDAQ
tx_0003350,2025-06-08 09:58:00,DIS,179.85,799,sell,NYSE
tx_0006659,2025-06-08 09:58:01,MCD,239.33,279,buy,NYSE
tx_0001553,2025-06-08 09:58:03,PG,134.5,252,buy,NYSE
tx_0001908,2025-06-08 09:58:03,ADBE,613.06,324,buy,NASDAQ
tx_0001111,2025-06-08 09:58:05,NVDA,196.74,920,buy,NASDAQ
tx_0005628,2025-06-08 09:58:11,PYPL,253.18,90,buy,NASDAQ
tx_0001426,2025-06-08 09:58:13,NFLX,498.43,91,sell,NASDAQ
tx_0004930,2025-06-08 09:58:18,WMT,141.12,616,buy,NYSE
tx_0002480,2025-06-08 09:58:19,AAPL,152.32,414,buy,NASDAQ
tx_0008059,2025-06-08 09:58:21,KO,55.55,736,buy,NYSE
tx_0006245,2025-06-08 09:58:22,AMZN,3602.75,9,sell,NASDAQ
tx_0007790,2025-06-08 09:58:24,NFLX,500.4,892,sell,NASDAQ
tx_0003726,2025-06-08 09:58:25,MA,344.03,393,sell,NYSE
tx_0001997,2025-06-08 09:58:26,JNJ,168.62,860,buy,NYSE
tx_0004542,2025-06-08 09:58:30,DIS,181.36,727,sell,NYSE
tx_0005620,2025-06-08 09:58:32,PYPL,254.03,66,sell,NASDAQ
tx_0002078,2025-06-08 09:58:33,GOOGL,2733.21,411,buy,NASDAQ
tx_0002412,2025-06-08 09:58:33,PG,134.26,13,sell,NYSE
tx_0007038,2025-06-08 09:58:37,MCD,239.48,284,sell,NYSE
tx_0005702,2025-06-08 09:58:38,PG,133.57,818,buy,NYSE
tx_0000489,2025-06-08 09:58:40,BRK.B,285.2,506,buy,NYSE
tx_0001619,2025-06-08 09:58:45,PG,132.92,125,buy,NYSE
tx_0007837,2025-06-08 09:58:45,PYPL,254.62,645,buy,NASDAQ
tx_0009797,2025-06-08 09:58:52,TSLA,693.62,477,sell,NASDAQ
tx_0000392,2025-06-08 09:58:53,PEP,152.01,366,buy,NYSE
tx_0007467,2025-06-08 09:58:55,AAPL,150.93,135,buy,NASDAQ
tx_0005517,2025-06-08 09:58:59,V,225.4,569,sell,NYSE
tx_0004982,2025-06-08 09:59:01,DIS,182.12,812,buy,NYSE
tx_0003226,2025-06-08 09:59:01,V,228.47,666,sell,NYSE
tx_0006103,2025-06-08 09:59:02,PYPL,252.11,271,buy,NASDAQ
tx_0003645,2025-06-08 09:59:04,NVDA,196.15,557,sell,NASDAQ
tx_0006787,2025-06-08 09:59:05,NFLX,503.19,40,buy,NASDAQ
tx_0008231,2025-06-08 09:59:08,DIS,181.29,911,sell,NYSE
tx_0009224,2025-06-08 09:59:09,DIS,181.88,204,buy,NYSE
tx_0007789,2025-06-08 09:59:12,BRK.B,286.9,674,sell,NYSE
tx_0002327,2025-06-08 09:59:14,V,228.29,745,sell,NYSE
tx_0002305,2025-06-08 09:59:15,MA,347.65,114,sell,NYSE
tx_0002548,2025-06-08 09:59:15,DIS,181.7,79,sell,NYSE
tx_0006703,2025-06-08 09:59:16,BRK.B,285.55,215,buy,NYSE
tx_0007247,2025-06-08 09:59:18,BRK.B,283.9,564,sell,NYSE
tx_0008484,2025-06-08 09:59:22,V,225.57,464,sell,NYSE
tx_0001491,2025-06-08 09:59:23,MCD,237.98,672,buy,NYSE
tx_0006397,2025-06-08 09:59:25,BRK.B,283.92,745,buy,NYSE
tx_0009880,2025-06-08 09:59:27,WMT,143.5,643,buy,NYSE
tx_0005279,2025-06-08 09:59:31,JNJ,170.23,555,buy,NYSE
tx_0007784,2025-06-08 09:59:31,DIS,179.22,56,sell,NYSE
tx_0002712,2025-06-08 09:59:31,FB,336.81,214,buy,NASDAQ
tx_0009901,2025-06-08 09:59:32,BRK.B,286.98,253,sell,NYSE
tx_0009860,2025-06-08 09:59:34,PEP,151.23,560,buy,NYSE
tx_0006754,2025-06-08 09:59:37,NFLX,501.37,160,buy,NASDAQ
tx_0000324,2025-06-08 09:59:38,WMT,143.01,206,buy,NYSE
tx_0006280,2025-06-08 09:59:39,NFLX,500.07,239,buy,NASDAQ
tx_0003404,2025-06-08 09:59:41,FB,338.67,645,sell,NASDAQ
tx_0001323,2025-06-08 09:59:41,WMT,143.17,910,sell,NYSE
tx_0005267,2025-06-08 09:59:48,ADBE,618.34,381,buy,NASDAQ
tx_0006218,2025-06-08 09:59:48,PG,134.85,830,sell,NYSE
tx_0000321,2025-06-08 09:59:50,FB,334.68,318,sell,NASDAQ
tx_0001013,2025-06-08 09:59:54,MCD,240.2,741,sell,NYSE
tx_0008757,2025-06-08 09:59:59,MA,345.14,217,buy,NYSE
tx_0001206,2025-06-08 10:00:02,ADBE,612.12,792,sell,NASDAQ
tx_0005643,2025-06-08 10:00:03,NVDA,195.17,885,buy,NASDAQ
tx_0001842,2025-06-08 10:00:05,V,227.47,8,buy,NYSE
tx_0003965,2025-06-08 10:00:07,AAPL,151.67,437,buy,NASDAQ
tx_0005327,2025-06-08 10:00:07,BRK.B,288.09,151,sell,NYSE
tx_0000401,2025-06-08 10:00:08,PYPL,252.91,229,buy,NASDAQ
tx_0003042,2025-06-08 10:00:09,TSLA,692.9,713,buy,NASDAQ
tx_0002180,2025-06-08 10:00:12,V,226.06,807,sell,NYSE
tx_0008489,2025-06-08 10:00:15,PYPL,253.25,101,sell,NASDAQ
tx_0005226,2025-06-08 10:00:17,NVDA,197.51,710,sell,NASDAQ
tx_0003039,2025-06-08 10:00:17,PYPL,252.65,117,buy,NASDAQ
tx_0001986,2025-06-08 10:00:20,PEP,151.24,591,sell,NYSE
tx_0002384,2025-06-08 10:00:20,KO,55.29,826,sell,NYSE
tx_0000459,2025-06-08 10:00:20,MA,344.83,432,sell,NYSE
tx_0005837,2025-06-08 10:00:22,NFLX,505.65,924,buy,NASDAQ
tx_0008261,2025-06-08 10:00:24,ADBE,610.35,406,buy,NASDAQ
tx_0007144,2025-06-08 10:00:24,MA,348.77,816,buy,NYSE
tx_0005326,2025-06-08 10:00:26,GOOGL,2745.76,15,buy,NASDAQ
tx_0005689,2025-06-08 10:00:29,V,226.74,745,sell,NYSE
tx_0006515,2025-06-08 10:00:31,TSLA,689.74,791,sell,NASDAQ
tx_0000956,2025-06-08 10:00:32,MSFT,298.64,40,buy,NASDAQ
tx_0001374,2025-06-08 10:00:33,NFLX,504.39,134,sell,NASDAQ
tx_0005847,2025-06-08 10:00:35,DIS,179.49,411,buy,NYSE
tx_0006509,2025-06-08 10:00:39,GOOGL,2783.46,629,sell,NASDAQ
tx_0001811,2025-06-08 10:00:40,BRK.B,286.77,812,buy,NYSE
tx_0009791,2025-06-08 10:00:42,KO,54.77,235,buy,NYSE
tx_0001695,2025-06-08 10:00:43,V,225.59,305,buy,NYSE
tx_0003878,2025-06-08 10:00:44,TSLA,697.7,412,buy,NASDAQ
tx_0004605,2025-06-08 10:00:44,PEP,151.92,215,sell,NYSE
tx_0004374,2025-06-08 10:00:44,MA,346.31,149,sell,NYSE
tx_0005221,2025-06-08 10:00:45,MA,347.27,941,sell,NYSE
tx_0006127,2025-06-08 10:00:47,PYPL,256.37,945,buy,NASDAQ
tx_0007602,2025-06-08 10:00:50,BRK.B,287.29,665,sell,NYSE
tx_0003168,2025-06-08 10:00:52,PYPL,255.19,314,sell,NASDAQ
tx_0000451,2025-06-08 10:00:53,PEP,153.13,910,buy,NYSE
tx_0005947,2025-06-08 10:01:05,JNJ,170.47,731,sell,NYSE
tx_0004749,2025-06-08 10:01:06,TSLA,695.72,44,sell,NASDAQ
tx_0009216,2025-06-08 10:01:12,AMZN,3629.16,46,buy,NASDAQ
tx_0008078,2025-06-08 10:01:16,MSFT,297.42,660,sell,NASDAQ
tx_0002270,2025-06-08 10:01:17,GOOGL,2771.12,477,sell,NASDAQ
tx_0009302,2025-06-08 10:01:19,JNJ,170.5,280,buy,NYSE
tx_0006207,2025-06-08 10:01:22,MCD,238.53,845,buy,NYSE
tx_0002508,2025-06-08 10:01:23,MSFT,299.47,899,buy,NASDAQ
tx_0003998,2025-06-08 10:01:26,V,226.66,597,buy,NYSE
tx_0004136,2025-06-08 10:01:27,GOOGL,2791.96,232,sell,NASDAQ
tx_0008716,2025-06-08 10:01:28,PYPL,253.48,47,sell,NASDAQ
tx_0006865,2025-06-08 10:01:30,MSFT,302.83,249,sell,NASDAQ
tx_0006962,2025-06-08 10:01:32,WMT,143.08,600,sell,NYSE
tx_0009795,2025-06-08 10:01:36,PG,133.05,102,buy,NYSE
tx_0007642,2025-06-08 10:01:36,AAPL,150.6,819,buy,NASDAQ
tx_0004302,2025-06-08 10:01:40,KO,55.39,790,sell,NYSE
tx_0005320,2025-06-08 10:01:43,PG,131.52,516,sell,NYSE
tx_0009490,2025-06-08 10:01:44,FB,337.8,504,sell,NASDAQ
tx_0006791,2025-06-08 10:01:49,TSLA,695.27,586,sell,NASDAQ
tx_0000661,2025-06-08 10:01:57,GOOGL,2761.59,648,sell,NASDAQ
tx_0002796,2025-06-08 10:02:04,KO,55.46,715,sell,NYSE
tx_0008005,2025-06-08 10:02:04,PG,132.98,836,sell,NYSE
tx_0003690,2025-06-08 10:02:05,DIS,181.4,595,buy,NYSE
tx_0000512,2025-06-08 10:02:05,DIS,180.58,225,sell,NYSE
tx_0002637,2025-06-08 10:02:11,NVDA,198.58,269,sell,NASDAQ
tx_0006908,2025-06-08 10:02:13,DIS,183.01,53,sell,NYSE
tx_0000473,2025-06-08 10:02:18,ADBE,622.15,438,sell,NASDAQ
tx_0004281,2025-06-08 10:02:18,TSLA,696.22,796,sell,NASDAQ
tx_0002189,2025-06-08 10:02:20,BRK.B,284.75,108,buy,NYSE
tx_0000749,2025-06-08 10:02:21,PEP,151.75,605,buy,NYSE
tx_0003280,2025-06-08 10:02:28,BRK.B,284.41,649,buy,NYSE
tx_0003526,2025-06-08 10:02:33,PYPL,252.19,812,sell,NASDAQ
tx_0007378,2025-06-08 10:02:36,MCD,236.78,596,sell,NYSE
tx_0009502,2025-06-08 10:02:39,MCD,237.92,4,sell,NYSE
tx_0001495,2025-06-08 10:02:41,AMZN,3640.04,596,sell,NASDAQ
tx_0008558,2025-06-08 10:02:44,JNJ,169.43,490,sell,NYSE
tx_0008750,2025-06-08 10:02:45,PG,130.98,189,buy,NYSE
tx_0004862,2025-06-08 10:02:51,NVDA,196.94,447,sell,NASDAQ
tx_0007975,2025-06-08 10:02:51,PYPL,254.39,992,sell,NASDAQ
tx_0009792,2025-06-08 10:02:55,KO,55.91,246,buy,NYSE
tx_0002518,2025-06-08 10:02:55,TSLA,691.26,408,sell,NASDAQ
tx_0003976,2025-06-08 10:03:04,GOOGL,2770.93,412,buy,NASDAQ
tx_0005611,2025-06-08 10:03:10,GOOGL,2744.12,120,sell,NASDAQ
tx_0000829,2025-06-08 10:03:12,KO,55.54,673,sell,NYSE
tx_0007903,2025-06-08 10:03:12,NFLX,506.37,826,sell,NASDAQ
tx_0004098,2025-06-08 10:03:13,DIS,182.78,41,buy,NYSE
tx_0000826,2025-06-08 10:03:24,ADBE,616.3,805,sell,NASDAQ
tx_0005502,2025-06-08 10:03:26,AAPL,153.01,747,buy,NASDAQ
tx_0007414,2025-06-08 10:03:28,PYPL,254.86,879,buy,NASDAQ
tx_0005067,2025-06-08 10:03:29,MSFT,298.71,415,buy,NASDAQ
tx_0002027,2025-06-08 10:03:29,DIS,181.51,209,buy,NYSE
tx_0006266,2025-06-08 10:03:31,MCD,238.87,654,buy,NYSE
tx_0006674,2025-06-08 10:03:33,MSFT,296.65,776,sell,NASDAQ
tx_0007707,2025-06-08 10:03:33,ADBE,624.54,821,sell,NASDAQ
tx_0009561,2025-06-08 10:03:37,WMT,142.54,829,buy,NYSE
tx_0007387,2025-06-08 10:03:39,DIS,179.69,468,buy,NYSE
tx_0008186,2025-06-08 10:03:41,BRK.B,281.72,584,buy,NYSE
tx_0004120,2025-06-08 10:03:42,NFLX,500.68,365,buy,NASDAQ
tx_0003379,2025-06-08 10:03:42,PG,131.68,509,sell,NYSE
tx_0008122,2025-06-08 10:03:45,GOOGL,2780.33,221,buy,NASDAQ
tx_0009921,2025-06-08 10:03:45,ADBE,622.59,671,sell,NASDAQ
tx_0004027,2025-06-08 10:03:46,MA,340.74,243,sell,NYSE
tx_0005402,2025-06-08 10:03:46,DIS,181.47,933,buy,NYSE
tx_0006841,2025-06-08 10:03:50,PEP,151.62,979,buy,NYSE
tx_0004387,2025-06-08 10:03:52,GOOGL,2780.58,582,sell,NASDAQ
tx_0007406,2025-06-08 10:03:55,FB,335.79,248,buy,NASDAQ
tx_0001107,2025-06-08 10:03:55,ADBE,615.16,613,sell,NASDAQ
tx_0008933,2025-06-08 10:03:56,PEP,153.49,282,sell,NYSE
tx_0006224,2025-06-08 10:03:57,WMT,143.59,211,buy,NYSE
tx_0008462,2025-06-08 10:03:58,DIS,182.88,464,sell,NYSE
tx_0007322,2025-06-08 10:03:59,TSLA,701.38,677,sell,NASDAQ
tx_0005390,2025-06-08 10:04:01,JNJ,169.96,950,buy,NYSE
tx_0002515,2025-06-08 10:04:02,PG,133.45,196,buy,NYSE
tx_0009480,2025-06-08 10:04:05,GOOGL,2764.84,648,buy,NASDAQ
tx_0001789,2025-06-08 10:04:09,ADBE,619.75,361,sell,NASDAQ
tx_0006120,2025-06-08 10:04:10,ADBE,626.2,645,buy,NASDAQ
tx_0001633,2025-06-08 10:04:11,JNJ,168.98,557,buy,NYSE
tx_0000896,2025-06-08 10:04:12,NFLX,508.09,608,sell,NASDAQ
tx_0002335,2025-06-08 10:04:15,JNJ,171.13,419,sell,NYSE
tx_0001333,2025-06-08 10:04:17,PEP,153.15,463,buy,NYSE
tx_0001666,2025-06-08 10:04:18,PG,133.34,820,sell,NYSE
tx_0001958,2025-06-08 10:04:19,BRK.B,284.97,586,buy,NYSE
tx_0004414,2025-06-08 10:04:20,WMT,143.36,255,sell,NYSE
tx_0003931,2025-06-08 10:04:25,AAPL,153.02,691,sell,NASDAQ
tx_0006328,2025-06-08 10:04:28,PYPL,251.15,80,sell,NASDAQ
tx_0008513,2025-06-08 10:04:28,TSLA,688.83,317,buy,NASDAQ
tx_0002799,2025-06-08 10:04:44,NVDA,198.43,615,sell,NASDAQ
tx_0003051,2025-06-08 10:04:45,NFLX,500.42,29,buy,NASDAQ
tx_0005061,2025-06-08 10:04:45,GOOGL,2735.0,9,sell,NASDAQ
tx_0005159,2025-06-08 10:04:50,DIS,179.29,158,sell,NYSE
tx_0009682,2025-06-08 10:04:51,NFLX,502.76,324,sell,NASDAQ
tx_0003287,2025-06-08 10:04:51,GOOGL,2744.46,175,sell,NASDAQ
tx_0002853,2025-06-08 10:04:54,FB,336.86,367,buy,NASDAQ
tx_0003494,2025-06-08 10:04:56,AMZN,3655.1,111,sell,NASDAQ
tx_0008624,2025-06-08 10:04:58,JNJ,168.92,463,buy,NYSE
tx_0002989,2025-06-08 10:05:03,GOOGL,2765.4,200,buy,NASDAQ
tx_0004157,2025-06-08 10:05:04,GOOGL,2738.8,774,sell,NASDAQ
tx_0002664,2025-06-08 10:05:05,MCD,237.66,279,sell,NYSE
tx_0005086,2025-06-08 10:05:08,DIS,182.5,486,sell,NYSE
tx_0009408,2025-06-08 10:05:10,V,227.56,295,sell,NYSE
tx_0004385,2025-06-08 10:05:11,FB,336.72,931,sell,NASDAQ
tx_0000923,2025-06-08 10:05:14,PG,131.96,378,sell,NYSE
tx_0002996,2025-06-08 10:05:16,WMT,143.61,980,buy,NYSE
tx_0001952,2025-06-08 10:05:23,NVDA,196.32,244,buy,NASDAQ
tx_0000318,2025-06-08 10:05:25,AAPL,150.46,105,sell,NASDAQ
tx_0009890,2025-06-08 10:05:26,KO,55.6,992,sell,NYSE
tx_0006525,2025-06-08 10:05:32,KO,55.33,255,sell,NYSE
tx_0007364,2025-06-08 10:05:35,JNJ,168.19,417,buy,NYSE
tx_0003063,2025-06-08 10:05:36,JNJ,169.39,70,sell,NYSE
tx_0006702,2025-06-08 10:05:37,KO,55.09,691,sell,NYSE
tx_0005137,2025-06-08 10:05:42,AMZN,3668.53,620,sell,NASDAQ
tx_0006388,2025-06-08 10:05:42,DIS,183.12,683,buy,NYSE
tx_0006568,2025-06-08 10:05:45,PEP,150.74,737,sell,NYSE
tx_0004200,2025-06-08 10:05:47,JNJ,171.04,813,sell,NYSE
tx_0004787,2025-06-08 10:05:47,ADBE,614.83,892,buy,NASDAQ
tx_0006180,2025-06-08 10:05:53,NFLX,505.17,459,buy,NASDAQ
tx_0002379,2025-06-08 10:05:54,WMT,142.71,592,buy,NYSE
tx_0002162,2025-06-08 10:05:59,V,226.14,475,sell,NYSE
tx_0004472,2025-06-08 10:06:00,GOOGL,2764.12,185,buy,NASDAQ
tx_0006325,2025-06-08 10:06:00,ADBE,623.52,741,buy,NASDAQ
tx_0009823,2025-06-08 10:06:00,WMT,141.8,798,buy,NYSE
tx_0001294,2025-06-08 10:06:00,GOOGL,2756.89,993,buy,NASDAQ
tx_0004924,2025-06-08 10:06:03,DIS,183.17,708,sell,NYSE
tx_0006973,2025-06-08 10:06:04,MA,343.35,654,buy,NYSE
tx_0000574,2025-06-08 10:06:04,V,224.88,946,sell,NYSE
tx_0003131,2025-06-08 10:06:05,WMT,142.66,276,sell,NYSE
tx_0006163,2025-06-08 10:06:06,NFLX,501.85,723,sell,NASDAQ
tx_0004528,2025-06-08 10:06:06,PG,131.16,295,sell,NYSE
tx_0003339,2025-06-08 10:06:07,DIS,182.32,676,sell,NYSE
tx_0005052,2025-06-08 10:06:08,GOOGL,2763.41,918,buy,NASDAQ
tx_0008230,2025-06-08 10:06:10,FB,338.92,107,buy,NASDAQ
tx_0007764,2025-06-08 10:06:12,FB,341.01,977,buy,NASDAQ
tx_0003780,2025-06-08 10:06:13,AMZN,3677.37,443,sell,NASDAQ
tx_0002901,2025-06-08 10:06:17,GOOGL,2782.91,83,buy,NASDAQ
tx_0004524,2025-06-08 10:06:23,TSLA,696.67,367,buy,NASDAQ
tx_0008585,2025-06-08 10:06:27,BRK.B,284.5,2,buy,NYSE
tx_0002434,2025-06-08 10:06:28,WMT,142.09,736,buy,NYSE
tx_0004226,2025-06-08 10:06:35,JNJ,168.77,266,sell,NYSE
tx_0005037,2025-06-08 10:06:38,PG,132.93,57,buy,NYSE
tx_0005988,2025-06-08 10:06:38,DIS,181.1,551,sell,NYSE
tx_0002142,2025-06-08 10:06:41,MCD,237.04,685,buy,NYSE
tx_0006046,2025-06-08 10:06:42,MA,340.47,342,buy,NYSE
tx_0002372,2025-06-08 10:06:46,MSFT,295.76,348,buy,NASDAQ
tx_0008419,2025-06-08 10:06:47,MSFT,299.2,360,sell,NASDAQ
tx_0001061,2025-06-08 10:06:48,MA,340.15,266,buy,NYSE
tx_0008714,2025-06-08 10:06:48,PG,132.9,489,sell,NYSE
tx_0006753,2025-06-08 10:06:49,MA,344.48,4,buy,NYSE
tx_0006203,2025-06-08 10:06:50,PG,133.08,313,buy,NYSE
tx_0004514,2025-06-08 10:06:51,JNJ,170.54,21,buy,NYSE
tx_0009211,2025-06-08 10:06:56,MSFT,297.8,311,sell,NASDAQ
tx_0007986,2025-06-08 10:06:59,NFLX,499.45,804,buy,NASDAQ
tx_0004449,2025-06-08 10:07:01,ADBE,622.91,664,buy,NASDAQ
tx_0009169,2025-06-08 10:07:04,MA,340.63,80,sell,NYSE
tx_0004658,2025-06-08 10:07:07,DIS,182.54,294,buy,NYSE
tx_0005791,2025-06-08 10:07:08,GOOGL,2786.56,460,sell,NASDAQ
tx_0006834,2025-06-08 10:07:09,MA,345.96,257,sell,NYSE
tx_0003822,2025-06-08 10:07:16,DIS,180.06,35,buy,NYSE
tx_0000016,2025-06-08 10:07:18,PG,132.21,741,sell,NYSE
tx_0006775,2025-06-08 10:07:19,BRK.B,283.07,624,buy,NYSE
tx_0003417,2025-06-08 10:07:22,FB,337.18,21,sell,NASDAQ
tx_0006038,2025-06-08 10:07:23,PEP,151.16,974,buy,NYSE
tx_0007956,2025-06-08 10:07:26,NVDA,196.83,718,buy,NASDAQ
tx_0009415,2025-06-08 10:07:28,AAPL,151.74,448,sell,NASDAQ
tx_0000548,2025-06-08 10:07:30,FB,338.27,284,sell,NASDAQ
tx_0000550,2025-06-08 10:07:35,BRK.B,283.06,518,sell,NYSE
tx_0008939,2025-06-08 10:07:37,PYPL,254.07,891,buy,NASDAQ
tx_0000878,2025-06-08 10:07:41,ADBE,627.2,203,sell,NASDAQ
tx_0005898,2025-06-08 10:07:45,BRK.B,284.01,717,sell,NYSE
tx_0005692,2025-06-08 10:07:46,AMZN,3651.88,13,sell,NASDAQ
tx_0003995,2025-06-08 10:07:48,PYPL,251.49,729,sell,NASDAQ
tx_0009201,2025-06-08 10:07:51,PEP,150.55,60,sell,NYSE
tx_0002460,2025-06-08 10:07:56,V,227.86,796,buy,NYSE
tx_0001255,2025-06-08 10:07:58,V,227.42,314,sell,NYSE
tx_0002207,2025-06-08 10:07:58,MCD,237.48,347,buy,NYSE
tx_0004502,2025-06-08 10:07:59,MCD,240.11,95,sell,NYSE
tx_0006349,2025-06-08 10:07:59,FB,337.66,137,sell,NASDAQ
tx_0004299,2025-06-08 10:08:02,KO,56.06,817,sell,NYSE
tx_0007618,2025-06-08 10:08:06,PG,133.38,555,sell,NYSE
tx_0001902,2025-06-08 10:08:07,AAPL,149.54,199,buy,NASDAQ
tx_0001569,2025-06-08 10:08:07,NVDA,198.47,729,buy,NASDAQ
tx_0007150,2025-06-08 10:08:10,V,228.95,855,buy,NYSE
tx_0009560,2025-06-08 10:08:10,V,228.86,957,sell,NYSE
tx_0000329,2025-06-08 10:08:11,BRK.B,284.6,338,buy,NYSE
tx_0005193,2025-06-08 10:08:12,MCD,240.4,170,buy,NYSE
tx_0003798,2025-06-08 10:08:13,FB,339.6,977,sell,NASDAQ
tx_0000212,2025-06-08 10:08:15,NVDA,198.72,530,sell,NASDAQ
tx_0008854,2025-06-08 10:08:16,PG,131.63,237,sell,NYSE
tx_0008333,2025-06-08 10:08:17,MCD,240.16,721,buy,NYSE
tx_0007589,2025-06-08 10:08:20,NVDA,197.74,5,buy,NASDAQ
tx_0003327,2025-06-08 10:08:21,BRK.B,284.17,185,sell,NYSE
tx_0006028,2025-06-08 10:08:22,KO,55.64,135,buy,NYSE
tx_0008079,2025-06-08 10:08:25,WMT,143.43,795,buy,NYSE
tx_0009693,2025-06-08 10:08:25,MSFT,295.82,303,buy,NASDAQ
tx_0009151,2025-06-08 10:08:27,BRK.B,285.08,999,sell,NYSE
tx_0009233,2025-06-08 10:08:29,NVDA,198.39,179,sell,NASDAQ
tx_0009493,2025-06-08 10:08:30,PG,131.18,914,sell,NYSE
tx_0003036,2025-06-08 10:08:31,JNJ,169.29,745,buy,NYSE
tx_0009864,2025-06-08 10:08:31,PEP,153.07,782,buy,NYSE
tx_0007704,2025-06-08 10:08:38,MA,341.6,574,buy,NYSE
tx_0004846,2025-06-08 10:08:38,DIS,181.23,962,sell,NYSE
tx_0001304,2025-06-08 10:08:40,PG,130.26,731,sell,NYSE
tx_0003152,2025-06-08 10:08:54,BRK.B,281.33,947,buy,NYSE
tx_0004516,2025-06-08 10:08:55,WMT,144.51,599,sell,NYSE
tx_0007207,2025-06-08 10:08:55,GOOGL,2751.83,528,sell,NASDAQ
tx_0006726,2025-06-08 10:08:58,V,226.01,692,sell,NYSE
tx_0004908,2025-06-08 10:08:59,NFLX,507.88,816,buy,NASDAQ
tx_0003962,2025-06-08 10:08:59,AAPL,148.92,232,sell,NASDAQ
tx_0002977,2025-06-08 10:09:01,MSFT,301.6,480,sell,NASDAQ
tx_0009292,2025-06-08 10:09:02,NFLX,508.22,900,buy,NASDAQ
tx_0007666,2025-06-08 10:09:03,BRK.B,285.34,421,sell,NYSE
tx_0003084,2025-06-08 10:09:04,NFLX,504.21,94,buy,NASDAQ
tx_0009879,2025-06-08 10:09:05,DIS,182.05,914,buy,NYSE
tx_0006093,2025-06-08 10:09:09,PEP,150.5,956,buy,NYSE
tx_0004944,2025-06-08 10:09:14,MCD,237.4,137,buy,NYSE
tx_0005414,2025-06-08 10:09:17,BRK.B,283.03,363,sell,NYSE
tx_0009547,2025-06-08 10:09:18,MA,344.69,22,buy,NYSE
tx_0008143,2025-06-08 10:09:19,MA,346.26,854,sell,NYSE
tx_0000636,2025-06-08 10:09:22,PYPL,255.54,153,sell,NASDAQ
tx_0009619,2025-06-08 10:09:24,MA,341.39,472,sell,NYSE
tx_0006021,2025-06-08 10:09:27,MSFT,297.43,903,buy,NASDAQ
tx_0002643,2025-06-08 10:09:32,WMT,141.67,355,sell,NYSE
tx_0002208,2025-06-08 10:09:35,KO,56.42,717,sell,NYSE
tx_0003721,2025-06-08 10:09:35,PEP,152.7,113,sell,NYSE
tx_0006104,2025-06-08 10:09:39,MA,341.33,821,sell,NYSE
tx_0006065,2025-06-08 10:09:39,JNJ,167.63,772,sell,NYSE
tx_0007380,2025-06-08 10:09:40,AMZN,3635.98,54,buy,NASDAQ
tx_0007474,2025-06-08 10:09:41,PEP,152.18,991,sell,NYSE
tx_0009940,2025-06-08 10:09:42,KO,55.51,17,buy,NYSE
tx_0001878,2025-06-08 10:09:43,MA,341.41,58,buy,NYSE
tx_0004537,2025-06-08 10:09:44,PG,133.33,465,sell,NYSE
tx_0008142,2025-06-08 10:09:44,KO,55.58,394,buy,NYSE
tx_0004593,2025-06-08 10:09:44,ADBE,617.09,643,buy,NASDAQ
tx_0003668,2025-06-08 10:09:46,AAPL,149.82,597,sell,NASDAQ
tx_0009595,2025-06-08 10:09:47,NVDA,195.25,512,buy,NASDAQ
tx_0009322,2025-06-08 10:09:50,V,228.44,977,sell,NYSE
tx_0000206,2025-06-08 10:09:55,NFLX,500.7,787,sell,NASDAQ
tx_0000842,2025-06-08 10:09:59,PG,132.99,16,sell,NYSE
tx_0002103,2025-06-08 10:10:00,NVDA,196.5,479,sell,NASDAQ
tx_0009001,2025-06-08 10:10:01,NFLX,509.05,462,buy,NASDAQ
tx_0005577,2025-06-08 10:10:02,GOOGL,2739.58,477,sell,NASDAQ
tx_0004361,2025-06-08 10:10:02,FB,335.58,276,buy,NASDAQ
tx_0006872,2025-06-08 10:10:07,FB,336.06,811,buy,NASDAQ
tx_0005034,2025-06-08 10:10:14,FB,337.08,815,sell,NASDAQ
tx_0004610,2025-06-08 10:10:17,ADBE,622.32,351,sell,NASDAQ
tx_0009319,2025-06-08 10:10:18,MSFT,302.88,625,sell,NASDAQ
tx_0002402,2025-06-08 10:10:21,MCD,239.71,790,sell,NYSE
tx_0005021,2025-06-08 10:10:24,AMZN,3636.61,870,sell,NASDAQ
tx_0003259,2025-06-08 10:10:24,V,229.73,963,sell,NYSE
tx_0009503,2025-06-08 10:10:33,MA,339.21,144,buy,NYSE
tx_0001433,2025-06-08 10:10:40,FB,337.42,564,sell,NASDAQ
tx_0002899,2025-06-08 10:10:44,PG,133.65,295,buy,NYSE
tx_0004629,2025-06-08 10:10:45,MSFT,301.61,517,buy,NASDAQ
tx_0007434,2025-06-08 10:10:48,FB,336.52,308,buy,NASDAQ
tx_0007543,2025-06-08 10:10:49,DIS,182.23,877,buy,NYSE
tx_0004489,2025-06-08 10:10:58,MSFT,299.16,222,sell,NASDAQ
tx_0009538,2025-06-08 10:11:00,ADBE,622.47,643,buy,NASDAQ
tx_0001777,2025-06-08 10:11:00,MCD,236.95,230,buy,NYSE
tx_0009017,2025-06-08 10:11:02,PG,131.56,290,buy,NYSE
tx_0009467,2025-06-08 10:11:02,NFLX,501.92,715,buy,NASDAQ
tx_0001050,2025-06-08 10:11:03,ADBE,623.47,760,buy,NASDAQ
tx_0001400,2025-06-08 10:11:07,PYPL,252.67,583,sell,NASDAQ
tx_0004293,2025-06-08 10:11:09,KO,56.48,261,buy,NYSE
tx_0008439,2025-06-08 10:11:10,V,227.51,442,sell,NYSE
tx_0005845,2025-06-08 10:11:10,WMT,142.65,708,buy,NYSE
tx_0009827,2025-06-08 10:11:15,GOOGL,2724.28,577,buy,NASDAQ
tx_0007559,2025-06-08 10:11:17,MSFT,297.92,186,sell,NASDAQ
tx_0000009,2025-06-08 10:11:22,AAPL,150.52,104,sell,NASDAQ
tx_0004959,2025-06-08 10:11:22,DIS,183.42,732,buy,NYSE
tx_0008384,2025-06-08 10:11:24,PYPL,252.64,866,sell,NASDAQ
tx_0000516,2025-06-08 10:11:29,AMZN,3646.37,301,sell,NASDAQ
tx_0002206,2025-06-08 10:11:31,V,226.19,94,buy,NYSE
tx_0000252,2025-06-08 10:11:32,GOOGL,2756.59,335,buy,NASDAQ
tx_0008589,2025-06-08 10:11:34,GOOGL,2772.98,275,buy,NASDAQ
tx_0001277,2025-06-08 10:11:35,V,229.85,710,buy,NYSE
tx_0003936,2025-06-08 10:11:36,DIS,181.96,884,buy,NYSE
tx_0009900,2025-06-08 10:11:47,V,226.09,471,buy,NYSE
tx_0005084,2025-06-08 10:11:49,DIS,182.62,395,buy,NYSE
tx_0000902,2025-06-08 10:11:54,FB,339.96,110,buy,NASDAQ
tx_0008467,2025-06-08 10:11:58,FB,339.71,556,buy,NASDAQ
tx_0003410,2025-06-08 10:12:00,WMT,142.91,622,sell,NYSE
tx_0008246,2025-06-08 10:12:01,MSFT,301.03,697,sell,NASDAQ
tx_0004259,2025-06-08 10:12:01,PG,132.12,23,buy,NYSE
tx_0003895,2025-06-08 10:12:02,PYPL,251.79,570,buy,NASDAQ
tx_0008542,2025-06-08 10:12:04,PG,132.77,556,buy,NYSE
tx_0003532,2025-06-08 10:12:05,NFLX,507.92,216,sell,NASDAQ
tx_0004161,2025-06-08 10:12:11,BRK.B,283.76,356,sell,NYSE
tx_0004254,2025-06-08 10:12:15,V,229.25,307,sell,NYSE
tx_0005580,2025-06-08 10:12:16,MA,341.78,21,sell,NYSE
tx_0007111,2025-06-08 10:12:18,ADBE,623.52,611,buy,NASDAQ
tx_0006070,2025-06-08 10:12:27,NVDA,196.76,747,sell,NASDAQ
tx_0004790,2025-06-08 10:12:28,TSLA,702.93,799,buy,NASDAQ
tx_0002577,2025-06-08 10:12:29,PG,133.02,95,sell,NYSE
tx_0007878,2025-06-08 10:12:31,DIS,180.9,725,sell,NYSE
tx_0000653,2025-06-08 10:12:31,BRK.B,283.97,564,buy,NYSE
tx_0003541,2025-06-08 10:12:32,FB,339.4,581,buy,NASDAQ
tx_0000057,2025-06-08 10:12:33,AAPL,149.01,175,sell,NASDAQ
tx_0006920,2025-06-08 10:12:33,DIS,184.3,903,buy,NYSE
tx_0002874,2025-06-08 10:12:35,JNJ,169.83,121,buy,NYSE
tx_0002295,2025-06-08 10:12:36,NFLX,508.15,832,sell,NASDAQ
tx_0003161,2025-06-08 10:12:37,TSLA,696.74,668,buy,NASDAQ
tx_0004564,2025-06-08 10:12:42,PG,133.15,762,sell,NYSE
tx_0001219,2025-06-08 10:12:44,NFLX,502.91,209,sell,NASDAQ
tx_0004525,2025-06-08 10:12:45,PEP,151.2,605,sell,NYSE
tx_0000673,2025-06-08 10:12:46,DIS,180.79,597,buy,NYSE
tx_0004025,2025-06-08 10:12:47,NFLX,501.87,942,sell,NASDAQ
tx_0005922,2025-06-08 10:12:49,MSFT,298.83,241,buy,NASDAQ
tx_0003923,2025-06-08 10:12:53,DIS,183.42,564,buy,NYSE
tx_0000635,2025-06-08 10:12:54,PYPL,251.86,632,buy,NASDAQ
tx_0006991,2025-06-08 10:12:54,JNJ,169.6,913,sell,NYSE
tx_0003958,2025-06-08 10:12:56,MSFT,300.5,823,buy,NASDAQ
tx_0004975,2025-06-08 10:12:57,KO,55.35,485,sell,NYSE
tx_0007829,2025-06-08 10:13:02,V,228.98,700,buy,NYSE
tx_0009513,2025-06-08 10:13:04,AAPL,151.12,370,buy,NASDAQ
tx_0003728,2025-06-08 10:13:04,MCD,238.01,681,buy,NYSE
tx_0001946,2025-06-08 10:13:05,WMT,142.28,737,sell,NYSE
tx_0007612,2025-06-08 10:13:08,AMZN,3631.62,197,sell,NASDAQ
tx_0006067,2025-06-08 10:13:10,ADBE,630.14,457,sell,NASDAQ
tx_0006286,2025-06-08 10:13:16,JNJ,169.41,644,sell,NYSE
tx_0001218,2025-06-08 10:13:16,AMZN,3656.71,733,buy,NASDAQ
tx_0000567,2025-06-08 10:13:17,KO,55.59,214,sell,NYSE
tx_0008532,2025-06-08 10:13:17,ADBE,620.18,480,sell,NASDAQ
tx_0004334,2025-06-08 10:13:18,GOOGL,2766.54,462,buy,NASDAQ
tx_0008538,2025-06-08 10:13:19,BRK.B,283.54,427,buy,NYSE
tx_0000580,2025-06-08 10:13:21,MCD,239.41,507,sell,NYSE
tx_0005599,2025-06-08 10:13:24,PYPL,251.14,951,sell,NASDAQ
tx_0004067,2025-06-08 10:13:26,NVDA,199.47,253,sell,NASDAQ
tx_0008926,2025-06-08 10:13:29,AAPL,149.83,139,buy,NASDAQ
tx_0004820,2025-06-08 10:13:30,NFLX,508.71,583,buy,NASDAQ
tx_0001740,2025-06-08 10:13:31,GOOGL,2757.01,594,buy,NASDAQ
tx_0005561,2025-06-08 10:13:39,GOOGL,2769.3,223,sell,NASDAQ
tx_0001636,2025-06-08 10:13:43,ADBE,626.14,856,buy,NASDAQ
tx_0009822,2025-06-08 10:13:46,AAPL,148.48,104,sell,NASDAQ
tx_0004062,2025-06-08 10:13:46,MCD,240.39,259,sell,NYSE
tx_0003601,2025-06-08 10:13:48,PYPL,254.06,975,buy,NASDAQ
tx_0006839,2025-06-08 10:13:49,V,228.38,766,sell,NYSE
tx_0005211,2025-06-08 10:13:51,BRK.B,284.95,100,sell,NYSE
tx_0005679,2025-06-08 10:13:54,NVDA,198.36,189,buy,NASDAQ
tx_0000558,2025-06-08 10:13:55,WMT,143.09,926,sell,NYSE
tx_0009270,2025-06-08 10:13:55,DIS,183.58,250,sell,NYSE
tx_0005741,2025-06-08 10:13:56,JNJ,169.56,86,buy,NYSE
tx_0004747,2025-06-08 10:13:56,AAPL,148.23,728,buy,NASDAQ
tx_0006862,2025-06-08 10:14:00,ADBE,627.93,555,sell,NASDAQ
tx_0009775,2025-06-08 10:14:00,TSLA,694.23,655,sell,NASDAQ
tx_0009162,2025-06-08 10:14:01,NVDA,200.46,932,sell,NASDAQ
tx_0003550,2025-06-08 10:14:03,DIS,182.35,256,sell,NYSE
tx_0008326,2025-06-08 10:14:05,NFLX,505.96,264,sell,NASDAQ
tx_0002496,2025-06-08 10:14:05,MSFT,299.69,217,sell,NASDAQ
tx_0004042,2025-06-08 10:14:08,PEP,150.19,899,sell,NYSE
tx_0009484,2025-06-08 10:14:09,TSLA,690.89,119,buy,NASDAQ
tx_0005976,2025-06-08 10:14:11,FB,341.28,80,buy,NASDAQ
tx_0008390,2025-06-08 10:14:15,DIS,183.56,556,buy,NYSE
tx_0005730,2025-06-08 10:14:21,TSLA,691.16,805,buy,NASDAQ
tx_0004023,2025-06-08 10:14:23,NFLX,502.43,666,sell,NASDAQ
tx_0008608,2025-06-08 10:14:24,GOOGL,2788.1,231,buy,NASDAQ
tx_0002995,2025-06-08 10:14:29,AAPL,149.85,270,buy,NASDAQ
tx_0001545,2025-06-08 10:14:31,NVDA,199.78,392,buy,NASDAQ
tx_0004513,2025-06-08 10:14:32,DIS,184.29,818,buy,NYSE
tx_0005110,2025-06-08 10:14:34,FB,338.87,203,buy,NASDAQ
tx_0004569,2025-06-08 10:14:34,DIS,184.58,206,sell,NYSE
tx_0002388,2025-06-08 10:14:37,V,227.66,434,sell,NYSE
tx_0006191,2025-06-08 10:14:37,JNJ,171.45,356,buy,NYSE
tx_0006106,2025-06-08 10:14:37,WMT,143.32,454,sell,NYSE
tx_0001243,2025-06-08 10:14:39,MCD,240.34,730,buy,NYSE
tx_0006777,2025-06-08 10:14:39,MSFT,303.54,467,sell,NASDAQ
tx_0009254,2025-06-08 10:14:40,PEP,152.28,770,sell,NYSE
tx_0006243,2025-06-08 10:14:40,BRK.B,282.39,245,sell,NYSE
tx_0005686,2025-06-08 10:14:44,PEP,151.16,876,buy,NYSE
tx_0003145,2025-06-08 10:14:45,PYPL,251.84,252,sell,NASDAQ
tx_0008683,2025-06-08 10:14:45,WMT,142.11,38,buy,NYSE
tx_0006453,2025-06-08 10:14:52,MA,343.87,455,buy,NYSE
tx_0008938,2025-06-08 10:14:55,BRK.B,285.23,608,sell,NYSE
tx_0006679,2025-06-08 10:14:56,V,227.16,664,sell,NYSE
tx_0009271,2025-06-08 10:15:00,PYPL,252.24,983,sell,NASDAQ
tx_0003783,2025-06-08 10:15:00,KO,55.49,709,sell,NYSE
tx_0000085,2025-06-08 10:15:01,ADBE,616.43,568,sell,NASDAQ
tx_0006430,2025-06-08 10:15:01,PEP,150.4,794,buy,NYSE
tx_0008082,2025-06-08 10:15:07,AMZN,3648.13,449,sell,NASDAQ
tx_0004794,2025-06-08 10:15:09,JNJ,170.99,244,buy,NYSE
tx_0005308,2025-06-08 10:15:10,BRK.B,284.29,872,buy,NYSE
tx_0005347,2025-06-08 10:15:12,JNJ,172.31,612,buy,NYSE
tx_0003468,2025-06-08 10:15:17,TSLA,698.34,759,buy,NASDAQ
tx_0003767,2025-06-08 10:15:19,AMZN,3623.18,966,buy,NASDAQ
tx_0002904,2025-06-08 10:15:24,WMT,142.51,803,buy,NYSE
tx_0003376,2025-06-08 10:15:25,BRK.B,281.84,357,sell,NYSE
tx_0008356,2025-06-08 10:15:25,ADBE,621.95,383,sell,NASDAQ
tx_0005139,2025-06-08 10:15:26,PEP,149.77,920,sell,NYSE
tx_0009262,2025-06-08 10:15:27,V,227.67,269,buy,NYSE
tx_0000632,2025-06-08 10:15:27,MSFT,299.1,496,sell,NASDAQ
tx_0002348,2025-06-08 10:15:32,MA,345.41,121,sell,NYSE
tx_0002934,2025-06-08 10:15:34,PG,133.52,207,buy,NYSE
tx_0008344,2025-06-08 10:15:35,NFLX,504.54,401,buy,NASDAQ
tx_0003424,2025-06-08 10:15:36,FB,340.02,431,buy,NASDAQ
tx_0005300,2025-06-08 10:15:37,MCD,240.05,626,buy,NYSE
tx_0008463,2025-06-08 10:15:39,TSLA,694.33,818,buy,NASDAQ
tx_0001984,2025-06-08 10:15:41,ADBE,621.53,336,buy,NASDAQ
tx_0003380,2025-06-08 10:15:45,KO,55.19,789,sell,NYSE
tx_0005911,2025-06-08 10:15:47,AMZN,3639.54,755,buy,NASDAQ
tx_0004048,2025-06-08 10:15:50,MA,340.71,528,sell,NYSE
tx_0008425,2025-06-08 10:15:53,AMZN,3683.17,482,buy,NASDAQ
tx_0000134,2025-06-08 10:15:55,MSFT,304.89,234,buy,NASDAQ
tx_0007490,2025-06-08 10:15:57,MA,340.7,922,sell,NYSE
tx_0002430,2025-06-08 10:16:00,WMT,142.65,704,sell,NYSE
tx_0008969,2025-06-08 10:16:01,NVDA,197.54,885,sell,NASDAQ
tx_0009012,2025-06-08 10:16:05,DIS,183.88,117,buy,NYSE
tx_0004575,2025-06-08 10:16:05,KO,55.22,413,sell,NYSE
tx_0007227,2025-06-08 10:16:09,DIS,183.77,400,buy,NYSE
tx_0006344,2025-06-08 10:16:13,NFLX,504.53,471,buy,NASDAQ
tx_0004094,2025-06-08 10:16:13,TSLA,687.04,911,sell,NASDAQ
tx_0005518,2025-06-08 10:16:14,DIS,183.92,152,sell,NYSE
tx_0003233,2025-06-08 10:16:15,FB,337.69,559,sell,NASDAQ
tx_0008454,2025-06-08 10:16:20,AAPL,150.73,478,sell,NASDAQ
tx_0005068,2025-06-08 10:16:31,MSFT,302.05,948,buy,NASDAQ
tx_0005063,2025-06-08 10:16:32,GOOGL,2743.18,189,sell,NASDAQ
tx_0005785,2025-06-08 10:16:32,TSLA,691.02,552,sell,NASDAQ
tx_0007733,2025-06-08 10:16:36,PYPL,249.09,547,sell,NASDAQ
tx_0003669,2025-06-08 10:16:36,PYPL,250.79,164,sell,NASDAQ
tx_0001825,2025-06-08 10:16:39,PEP,149.48,595,sell,NYSE
tx_0004317,2025-06-08 10:16:42,PEP,149.69,487,buy,NYSE
tx_0008970,2025-06-08 10:16:49,TSLA,696.9,438,buy,NASDAQ
tx_0009672,2025-06-08 10:16:56,DIS,183.8,838,sell,NYSE
tx_0003146,2025-06-08 10:16:57,BRK.B,282.37,350,buy,NYSE
tx_0005125,2025-06-08 10:16:58,AAPL,151.98,751,buy,NASDAQ
tx_0000430,2025-06-08 10:17:16,KO,55.62,989,buy,NYSE
tx_0005175,2025-06-08 10:17:17,BRK.B,280.5,785,buy,NYSE
tx_0003647,2025-06-08 10:17:20,PYPL,250.15,184,sell,NASDAQ
tx_0005965,2025-06-08 10:17:20,ADBE,626.15,973,buy,NASDAQ
tx_0007555,2025-06-08 10:17:24,MCD,239.83,748,sell,NYSE
tx_0003763,2025-06-08 10:17:26,KO,55.8,721,sell,NYSE
tx_0007135,2025-06-08 10:17:29,MSFT,302.09,175,buy,NASDAQ
tx_0006978,2025-06-08 10:17:34,V,228.02,250,buy,NYSE
tx_0005948,2025-06-08 10:17:34,MA,343.41,767,buy,NYSE
tx_0001693,2025-06-08 10:17:35,NFLX,505.36,376,sell,NASDAQ
tx_0000989,2025-06-08 10:17:35,PEP,150.62,210,buy,NYSE
tx_0001332,2025-06-08 10:17:36,AAPL,151.96,583,sell,NASDAQ
tx_0004191,2025-06-08 10:17:36,AAPL,150.92,918,sell,NASDAQ
tx_0000132,2025-06-08 10:17:37,TSLA,692.34,204,sell,NASDAQ
tx_0004208,2025-06-08 10:17:40,DIS,181.48,122,buy,NYSE
tx_0000039,2025-06-08 10:17:45,PG,134.15,559,buy,NYSE
tx_0005241,2025-06-08 10:17:47,JNJ,172.11,745,sell,NYSE
tx_0008810,2025-06-08 10:17:48,NVDA,198.12,612,buy,NASDAQ
tx_0003291,2025-06-08 10:17:48,DIS,181.91,152,sell,NYSE
tx_0007335,2025-06-08 10:17:49,TSLA,693.59,124,sell,NASDAQ
tx_0002884,2025-06-08 10:17:50,NFLX,509.12,986,buy,NASDAQ
tx_0000630,2025-06-08 10:17:52,GOOGL,2738.19,673,buy,NASDAQ
tx_0000710,2025-06-08 10:17:55,GOOGL,2782.6,489,buy,NASDAQ
tx_0000234,2025-06-08 10:17:57,ADBE,627.27,911,buy,NASDAQ
tx_0007123,2025-06-08 10:17:58,AAPL,151.66,824,buy,NASDAQ
tx_0004871,2025-06-08 10:17:59,DIS,181.41,239,sell,NYSE
tx_0000680,2025-06-08 10:18:01,NFLX,501.14,968,sell,NASDAQ
tx_0004531,2025-06-08 10:18:03,KO,56.36,77,buy,NYSE
tx_0003363,2025-06-08 10:18:03,NVDA,200.01,788,sell,NASDAQ
tx_0000890,2025-06-08 10:18:14,ADBE,630.96,612,sell,NASDAQ
tx_0004576,2025-06-08 10:18:15,GOOGL,2774.98,150,buy,NASDAQ
tx_0005500,2025-06-08 10:18:17,PG,132.65,61,sell,NYSE
tx_0000667,2025-06-08 10:18:23,PYPL,249.53,208,sell,NASDAQ
tx_0000499,2025-06-08 10:18:23,PEP,150.96,847,sell,NYSE
tx_0005780,2025-06-08 10:18:27,JNJ,172.72,759,sell,NYSE
tx_0004639,2025-06-08 10:18:29,AMZN,3682.18,731,buy,NASDAQ
tx_0004418,2025-06-08 10:18:31,V,229.16,817,buy,NYSE
tx_0007629,2025-06-08 10:18:31,PYPL,252.13,127,buy,NASDAQ
tx_0002943,2025-06-08 10:18:37,PEP,151.5,87,buy,NYSE
tx_0005491,2025-06-08 10:18:37,AMZN,3638.57,66,sell,NASDAQ
tx_0003495,2025-06-08 10:18:38,MSFT,304.89,383,buy,NASDAQ
tx_0001881,2025-06-08 10:18:43,BRK.B,283.58,973,buy,NYSE
tx_0007579,2025-06-08 10:18:46,GOOGL,2762.74,720,buy,NASDAQ
tx_0009850,2025-06-08 10:18:54,NVDA,199.03,484,buy,NASDAQ
tx_0008338,2025-06-08 10:18:55,AAPL,151.16,233,sell,NASDAQ
tx_0000704,2025-06-08 10:19:01,PG,133.63,320,buy,NYSE
tx_0001896,2025-06-08 10:19:03,PEP,151.63,439,sell,NYSE
tx_0005148,2025-06-08 10:19:06,MA,343.82,516,sell,NYSE
tx_0008468,2025-06-08 10:19:07,TSLA,684.43,496,sell,NASDAQ
tx_0000129,2025-06-08 10:19:10,DIS,183.36,162,buy,NYSE
tx_0002425,2025-06-08 10:19:15,PEP,151.29,430,buy,NYSE
tx_0008783,2025-06-08 10:19:15,KO,55.84,303,sell,NYSE
tx_0004618,2025-06-08 10:19:17,NFLX,505.67,382,buy,NASDAQ
tx_0004546,2025-06-08 10:19:19,MCD,238.0,547,buy,NYSE
tx_0007125,2025-06-08 10:19:19,ADBE,624.6,382,buy,NASDAQ
tx_0006734,2025-06-08 10:19:21,AMZN,3694.22,811,buy,NASDAQ
tx_0007667,2025-06-08 10:19:24,MCD,240.46,595,buy,NYSE
tx_0006402,2025-06-08 10:19:35,FB,336.27,258,buy,NASDAQ
tx_0008821,2025-06-08 10:19:35,BRK.B,282.7,660,sell,NYSE
tx_0000775,2025-06-08 10:19:37,ADBE,617.77,284,buy,NASDAQ
tx_0006701,2025-06-08 10:19:38,NVDA,198.11,369,buy,NASDAQ
tx_0005549,2025-06-08 10:19:40,V,231.55,893,buy,NYSE
tx_0000638,2025-06-08 10:19:47,AMZN,3647.9,150,sell,NASDAQ
tx_0009369,2025-06-08 10:19:47,FB,340.44,611,buy,NASDAQ
tx_0003932,2025-06-08 10:19:48,MCD,238.69,603,buy,NYSE
tx_0008136,2025-06-08 10:19:48,NFLX,509.66,134,buy,NASDAQ
tx_0004481,2025-06-08 10:19:52,V,231.46,418,buy,NYSE
tx_0005488,2025-06-08 10:19:57,BRK.B,284.03,757,buy,NYSE
tx_0008670,2025-06-08 10:19:59,FB,334.36,279,sell,NASDAQ
tx_0005006,2025-06-08 10:20:00,GOOGL,2768.0,224,buy,NASDAQ
tx_0007936,2025-06-08 10:20:06,MSFT,306.53,167,buy,NASDAQ
tx_0004163,2025-06-08 10:20:07,MSFT,300.87,6,buy,NASDAQ
tx_0001676,2025-06-08 10:20:08,FB,337.29,370,buy,NASDAQ
tx_0007382,2025-06-08 10:20:08,NVDA,200.69,638,buy,NASDAQ
tx_0009817,2025-06-08 10:20:12,MCD,239.65,360,sell,NYSE
tx_0001586,2025-06-08 10:20:13,ADBE,615.19,67,buy,NASDAQ
tx_0002416,2025-06-08 10:20:16,AAPL,152.19,369,sell,NASDAQ
tx_0005551,2025-06-08 10:20:20,PYPL,249.66,429,sell,NASDAQ
tx_0004035,2025-06-08 10:20:21,V,228.43,328,sell,NYSE
tx_0001910,2025-06-08 10:20:22,ADBE,615.22,312,buy,NASDAQ
tx_0009733,2025-06-08 10:20:22,AMZN,3661.49,700,buy,NASDAQ
tx_0000210,2025-06-08 10:20:24,BRK.B,283.64,240,buy,NYSE
tx_0006780,2025-06-08 10:20:27,MA,344.19,744,sell,NYSE
tx_0000277,2025-06-08 10:20:28,MCD,240.34,192,sell,NYSE
tx_0008470,2025-06-08 10:20:29,MCD,239.91,1000,sell,NYSE
tx_0003829,2025-06-08 10:20:31,MCD,239.45,9,sell,NYSE
tx_0000860,2025-06-08 10:20:33,PEP,151.4,585,buy,NYSE
tx_0006303,2025-06-08 10:20:34,MCD,239.58,233,buy,NYSE
tx_0001197,2025-06-08 10:20:35,PEP,152.72,916,sell,NYSE
tx_0001252,2025-06-08 10:20:37,TSLA,695.33,752,buy,NASDAQ
tx_0001441,2025-06-08 10:20:38,TSLA,691.56,620,buy,NASDAQ
tx_0006271,2025-06-08 10:20:38,MA,343.53,65,buy,NYSE
tx_0008048,2025-06-08 10:20:40,DIS,180.81,264,sell,NYSE
tx_0005861,2025-06-08 10:20:41,KO,55.41,202,buy,NYSE
tx_0006926,2025-06-08 10:20:42,JNJ,170.02,723,buy,NYSE
tx_0007029,2025-06-08 10:20:46,GOOGL,2770.21,919,sell,NASDAQ
tx_0007339,2025-06-08 10:20:47,WMT,141.29,509,sell,NYSE
tx_0007062,2025-06-08 10:20:50,KO,55.73,439,sell,NYSE
tx_0000343,2025-06-08 10:20:53,TSLA,691.72,680,buy,NASDAQ
tx_0004270,2025-06-08 10:20:53,FB,335.33,391,buy,NASDAQ
tx_0003176,2025-06-08 10:20:54,MA,344.38,696,sell,NYSE
tx_0001709,2025-06-08 10:21:02,PYPL,249.15,433,sell,NASDAQ
tx_0000239,2025-06-08 10:21:03,PYPL,250.68,56,buy,NASDAQ
tx_0001923,2025-06-08 10:21:05,KO,55.82,382,sell,NYSE
tx_0003802,2025-06-08 10:21:06,PG,134.28,328,buy,NYSE
tx_0001883,2025-06-08 10:21:08,PEP,150.78,5,sell,NYSE
tx_0008579,2025-06-08 10:21:08,AMZN,3685.88,113,buy,NASDAQ
tx_0003509,2025-06-08 10:21:08,PEP,153.09,370,buy,NYSE
tx_0009862,2025-06-08 10:21:10,MA,340.49,402,sell,NYSE
tx_0002839,2025-06-08 10:21:11,JNJ,168.64,342,sell,NYSE
tx_0008014,2025-06-08 10:21:14,GOOGL,2750.68,356,sell,NASDAQ
tx_0002047,2025-06-08 10:21:16,MA,343.09,519,buy,NYSE
tx_0008345,2025-06-08 10:21:17,AMZN,3697.18,195,sell,NASDAQ
tx_0002024,2025-06-08 10:21:18,JNJ,169.21,478,sell,NYSE
tx_0005025,2025-06-08 10:21:23,AMZN,3703.54,107,sell,NASDAQ
tx_0006876,2025-06-08 10:21:24,NVDA,198.26,39,buy,NASDAQ
tx_0006118,2025-06-08 10:21:28,MCD,239.59,882,buy,NYSE
tx_0005062,2025-06-08 10:21:31,JNJ,171.53,593,buy,NYSE
tx_0008202,2025-06-08 10:21:36,FB,337.25,389,buy,NASDAQ
tx_0000501,2025-06-08 10:21:39,MCD,238.92,639,sell,NYSE
tx_0004021,2025-06-08 10:21:42,DIS,181.05,597,buy,NYSE
tx_0000917,2025-06-08 10:21:43,JNJ,170.59,872,sell,NYSE
tx_0007560,2025-06-08 10:21:43,JNJ,170.32,3,buy,NYSE
tx_0005237,2025-06-08 10:21:49,DIS,183.12,210,buy,NYSE
tx_0002674,2025-06-08 10:21:53,AMZN,3731.51,466,buy,NASDAQ
tx_0008060,2025-06-08 10:21:59,MSFT,305.15,907,buy,NASDAQ
tx_0007584,2025-06-08 10:21:59,PYPL,248.68,168,buy,NASDAQ
tx_0003533,2025-06-08 10:22:03,AMZN,3704.97,939,buy,NASDAQ
tx_0002862,2025-06-08 10:22:03,ADBE,620.49,756,sell,NASDAQ
tx_0000756,2025-06-08 10:22:04,FB,338.78,313,buy,NASDAQ
tx_0006575,2025-06-08 10:22:10,TSLA,687.5,540,sell,NASDAQ
tx_0001028,2025-06-08 10:22:11,GOOGL,2767.54,781,sell,NASDAQ
tx_0007727,2025-06-08 10:22:11,TSLA,693.26,59,buy,NASDAQ
tx_0000784,2025-06-08 10:22:13,DIS,180.85,459,sell,NYSE
tx_0001289,2025-06-08 10:22:14,GOOGL,2752.72,208,sell,NASDAQ
tx_0006858,2025-06-08 10:22:15,NFLX,510.13,406,buy,NASDAQ
tx_0002593,2025-06-08 10:22:19,AAPL,149.9,722,sell,NASDAQ
tx_0005189,2025-06-08 10:22:23,WMT,141.25,238,buy,NYSE
tx_0005723,2025-06-08 10:22:23,NFLX,502.56,887,sell,NASDAQ
tx_0005328,2025-06-08 10:22:28,MSFT,303.62,117,buy,NASDAQ
tx_0005003,2025-06-08 10:22:31,DIS,181.29,637,buy,NYSE
tx_0006102,2025-06-08 10:22:34,PG,134.16,393,buy,NYSE
tx_0000327,2025-06-08 10:22:34,GOOGL,2792.87,84,buy,NASDAQ
tx_0009419,2025-06-08 10:22:34,WMT,141.15,681,buy,NYSE
tx_0005369,2025-06-08 10:22:35,AAPL,148.93,925,sell,NASDAQ
tx_0004291,2025-06-08 10:22:36,FB,339.96,161,sell,NASDAQ
tx_0002114,2025-06-08 10:22:39,MCD,237.36,606,buy,NYSE
tx_0009865,2025-06-08 10:22:41,FB,339.81,37,buy,NASDAQ
tx_0002145,2025-06-08 10:22:42,JNJ,171.14,43,sell,NYSE
tx_0001822,2025-06-08 10:22:52,BRK.B,288.25,123,sell,NYSE
tx_0005718,2025-06-08 10:22:52,AMZN,3708.51,701,sell,NASDAQ
tx_0007773,2025-06-08 10:22:54,AMZN,3670.22,432,buy,NASDAQ
tx_0001501,2025-06-08 10:22:56,TSLA,686.15,991,buy,NASDAQ
tx_0000231,2025-06-08 10:22:57,JNJ,172.04,651,sell,NYSE
tx_0009505,2025-06-08 10:22:57,PG,133.23,17,buy,NYSE
tx_0008838,2025-06-08 10:22:59,PEP,153.0,937,sell,NYSE
tx_0006820,2025-06-08 10:23:00,MCD,237.51,963,buy,NYSE
tx_0000254,2025-06-08 10:23:00,JNJ,170.44,348,sell,NYSE
tx_0005121,2025-06-08 10:23:02,DIS,179.93,597,sell,NYSE
tx_0007810,2025-06-08 10:23:07,PEP,150.43,785,sell,NYSE
tx_0003530,2025-06-08 10:23:08,MCD,237.46,271,buy,NYSE
tx_0007973,2025-06-08 10:23:15,MA,344.71,365,buy,NYSE
tx_0001431,2025-06-08 10:23:18,AAPL,149.94,252,buy,NASDAQ
tx_0005480,2025-06-08 10:23:22,AMZN,3683.34,874,sell,NASDAQ
tx_0003357,2025-06-08 10:23:22,BRK.B,283.13,320,sell,NYSE
tx_0009249,2025-06-08 10:23:25,ADBE,628.24,272,sell,NASDAQ
tx_0001677,2025-06-08 10:23:28,WMT,141.08,245,sell,NYSE
tx_0001930,2025-06-08 10:23:28,NFLX,508.67,97,buy,NASDAQ
tx_0009018,2025-06-08 10:23:29,V,229.35,63,buy,NYSE
tx_0000187,2025-06-08 10:23:31,DIS,181.32,132,sell,NYSE
tx_0008870,2025-06-08 10:23:32,GOOGL,2778.55,569,buy,NASDAQ
tx_0003548,2025-06-08 10:23:33,ADBE,624.85,499,buy,NASDAQ
tx_0006592,2025-06-08 10:23:36,DIS,180.17,881,buy,NYSE
tx_0005085,2025-06-08 10:23:36,AAPL,149.68,885,buy,NASDAQ
tx_0008237,2025-06-08 10:23:39,MSFT,301.58,29,sell,NASDAQ
tx_0009113,2025-06-08 10:23:42,BRK.B,288.18,274,sell,NYSE
tx_0002061,2025-06-08 10:23:42,TSLA,681.2,974,sell,NASDAQ
tx_0001731,2025-06-08 10:23:48,AAPL,150.17,283,buy,NASDAQ
tx_0003928,2025-06-08 10:23:50,FB,334.66,777,sell,NASDAQ
tx_0000938,2025-06-08 10:23:52,PG,135.7,26,sell,NYSE
tx_0001634,2025-06-08 10:23:53,AMZN,3688.14,998,buy,NASDAQ
tx_0000846,2025-06-08 10:23:58,FB,340.23,976,buy,NASDAQ
tx_0002352,2025-06-08 10:24:01,KO,55.83,355,buy,NYSE
tx_0002353,2025-06-08 10:24:04,AMZN,3681.88,287,sell,NASDAQ
tx_0001122,2025-06-08 10:24:07,MA,338.75,190,buy,NYSE
tx_0003360,2025-06-08 10:24:07,PYPL,245.94,490,buy,NASDAQ
tx_0004410,2025-06-08 10:24:09,NVDA,198.35,769,buy,NASDAQ
tx_0003126,2025-06-08 10:24:10,GOOGL,2759.58,922,sell,NASDAQ
tx_0006379,2025-06-08 10:24:11,WMT,140.44,552,sell,NYSE
tx_0002293,2025-06-08 10:24:14,NFLX,512.8,812,sell,NASDAQ
tx_0000496,2025-06-08 10:24:16,JNJ,171.38,615,sell,NYSE
tx_0008601,2025-06-08 10:24:18,NVDA,197.02,948,buy,NASDAQ
tx_0009459,2025-06-08 10:24:25,NVDA,199.89,845,sell,NASDAQ
tx_0007395,2025-06-08 10:24:27,PEP,151.27,356,sell,NYSE
tx_0009039,2025-06-08 10:24:28,NFLX,504.72,702,buy,NASDAQ
tx_0001367,2025-06-08 10:24:28,MSFT,305.98,115,sell,NASDAQ
tx_0008718,2025-06-08 10:24:31,JNJ,171.34,405,sell,NYSE
tx_0000274,2025-06-08 10:24:41,NVDA,199.45,668,buy,NASDAQ
tx_0005087,2025-06-08 10:24:45,KO,55.92,1000,sell,NYSE
tx_0002724,2025-06-08 10:24:45,MCD,239.22,955,buy,NYSE
tx_0001990,2025-06-08 10:24:53,AMZN,3721.79,439,sell,NASDAQ
tx_0003466,2025-06-08 10:24:59,MSFT,304.84,282,sell,NASDAQ
tx_0001957,2025-06-08 10:25:09,PEP,151.58,730,sell,NYSE
tx_0001947,2025-06-08 10:25:16,AAPL,150.6,228,buy,NASDAQ
tx_0007041,2025-06-08 10:25:16,GOOGL,2783.2,992,buy,NASDAQ
tx_0004868,2025-06-08 10:25:18,ADBE,628.39,587,sell,NASDAQ
tx_0001474,2025-06-08 10:25:18,NFLX,513.32,593,sell,NASDAQ
tx_0004851,2025-06-08 10:25:22,NVDA,199.76,715,sell,NASDAQ
tx_0009670,2025-06-08 10:25:24,BRK.B,289.45,832,buy,NYSE
tx_0001698,2025-06-08 10:25:24,MA,343.75,982,buy,NYSE
tx_0001841,2025-06-08 10:25:27,JNJ,172.07,464,buy,NYSE
tx_0006767,2025-06-08 10:25:29,KO,55.79,446,sell,NYSE
tx_0006304,2025-06-08 10:25:30,AAPL,149.83,724,sell,NASDAQ
tx_0008650,2025-06-08 10:25:33,MSFT,301.21,256,buy,NASDAQ
tx_0009907,2025-06-08 10:25:39,FB,334.76,616,sell,NASDAQ
tx_0006292,2025-06-08 10:25:42,JNJ,169.66,500,buy,NYSE
tx_0005605,2025-06-08 10:25:42,AAPL,149.83,632,sell,NASDAQ
tx_0004950,2025-06-08 10:25:47,MCD,240.32,864,buy,NYSE
tx_0009987,2025-06-08 10:25:48,NVDA,200.56,963,sell,NASDAQ
tx_0000007,2025-06-08 10:25:54,GOOGL,2757.59,914,sell,NASDAQ
tx_0005902,2025-06-08 10:25:55,AAPL,151.05,331,buy,NASDAQ
tx_0005669,2025-06-08 10:25:55,JNJ,170.52,574,sell,NYSE
tx_0005499,2025-06-08 10:25:57,DIS,181.88,537,sell,NYSE
tx_0003023,2025-06-08 10:25:59,NVDA,198.82,315,buy,NASDAQ
tx_0004344,2025-06-08 10:26:01,WMT,141.5,93,sell,NYSE
tx_0003209,2025-06-08 10:26:02,NFLX,505.06,974,sell,NASDAQ
tx_0006748,2025-06-08 10:26:02,GOOGL,2760.2,952,buy,NASDAQ
tx_0001298,2025-06-08 10:26:02,ADBE,623.91,707,buy,NASDAQ
tx_0000565,2025-06-08 10:26:08,KO,56.46,591,buy,NYSE
tx_0004634,2025-06-08 10:26:10,ADBE,627.19,579,sell,NASDAQ
tx_0009898,2025-06-08 10:26:10,KO,56.17,491,buy,NYSE
tx_0007934,2025-06-08 10:26:17,PYPL,246.29,410,sell,NASDAQ
tx_0009438,2025-06-08 10:26:20,KO,56.12,646,buy,NYSE
tx_0003482,2025-06-08 10:26:22,MSFT,305.18,750,buy,NASDAQ
tx_0000284,2025-06-08 10:26:22,NVDA,200.35,117,sell,NASDAQ
tx_0009157,2025-06-08 10:26:23,AAPL,150.5,801,buy,NASDAQ
tx_0007647,2025-06-08 10:26:33,JNJ,170.9,506,sell,NYSE
tx_0006743,2025-06-08 10:26:36,GOOGL,2810.39,760,sell,NASDAQ
tx_0000579,2025-06-08 10:26:36,MCD,236.48,382,sell,NYSE
tx_0002707,2025-06-08 10:26:40,NFLX,513.91,280,buy,NASDAQ
tx_0003943,2025-06-08 10:26:40,DIS,181.32,736,sell,NYSE
tx_0000107,2025-06-08 10:26:41,FB,335.05,164,buy,NASDAQ
tx_0009070,2025-06-08 10:26:45,MA,341.66,189,sell,NYSE
tx_0002535,2025-06-08 10:26:50,FB,334.77,927,buy,NASDAQ
tx_0001813,2025-06-08 10:26:50,BRK.B,287.11,321,buy,NYSE
tx_0004400,2025-06-08 10:26:54,PEP,153.07,636,buy,NYSE
tx_0009805,2025-06-08 10:26:59,MSFT,303.87,882,buy,NASDAQ
tx_0009983,2025-06-08 10:27:00,KO,55.87,700,sell,NYSE
tx_0008010,2025-06-08 10:27:01,FB,334.75,282,sell,NASDAQ
tx_0007484,2025-06-08 10:27:01,MSFT,300.2,820,buy,NASDAQ
tx_0000130,2025-06-08 10:27:04,PG,134.15,665,buy,NYSE
tx_0002358,2025-06-08 10:27:06,BRK.B,287.2,423,sell,NYSE
tx_0002626,2025-06-08 10:27:07,NFLX,514.37,686,buy,NASDAQ
tx_0006574,2025-06-08 10:27:08,JNJ,172.33,920,buy,NYSE
tx_0001673,2025-06-08 10:27:11,KO,56.19,908,buy,NYSE
tx_0000912,2025-06-08 10:27:13,PYPL,243.53,175,sell,NASDAQ
tx_0007319,2025-06-08 10:27:14,MA,346.24,546,buy,NYSE
tx_0003743,2025-06-08 10:27:20,KO,55.83,488,sell,NYSE
tx_0008236,2025-06-08 10:27:24,FB,337.48,920,sell,NASDAQ
tx_0001353,2025-06-08 10:27:24,PEP,152.36,50,buy,NYSE
tx_0007384,2025-06-08 10:27:25,MSFT,305.62,561,buy,NASDAQ
tx_0009023,2025-06-08 10:27:25,WMT,141.95,991,sell,NYSE
tx_0002234,2025-06-08 10:27:30,ADBE,625.29,389,sell,NASDAQ
tx_0003561,2025-06-08 10:27:34,FB,339.76,696,sell,NASDAQ
tx_0001159,2025-06-08 10:27:36,NVDA,198.05,641,sell,NASDAQ
tx_0001953,2025-06-08 10:27:37,NVDA,197.02,175,sell,NASDAQ
tx_0001129,2025-06-08 10:27:39,BRK.B,284.46,581,sell,NYSE
tx_0007030,2025-06-08 10:27:41,FB,339.63,599,sell,NASDAQ
tx_0003069,2025-06-08 10:27:44,KO,56.62,206,buy,NYSE
tx_0001775,2025-06-08 10:27:47,AAPL,149.15,809,buy,NASDAQ
tx_0005665,2025-06-08 10:27:50,V,226.56,295,sell,NYSE
tx_0000709,2025-06-08 10:27:54,MA,348.04,242,buy,NYSE
tx_0004806,2025-06-08 10:27:56,DIS,180.66,674,sell,NYSE
tx_0007087,2025-06-08 10:28:02,TSLA,684.41,971,buy,NASDAQ
tx_0001781,2025-06-08 10:28:06,GOOGL,2791.31,941,sell,NASDAQ
tx_0005859,2025-06-08 10:28:10,MCD,237.28,178,sell,NYSE
tx_0000990,2025-06-08 10:28:14,PG,134.69,966,sell,NYSE
tx_0009861,2025-06-08 10:28:16,MSFT,303.72,562,sell,NASDAQ
tx_0001056,2025-06-08 10:28:16,MCD,237.7,681,sell,NYSE
tx_0009014,2025-06-08 10:28:20,DIS,181.13,946,buy,NYSE
tx_0004486,2025-06-08 10:28:20,DIS,183.24,197,buy,NYSE
tx_0003288,2025-06-08 10:28:20,V,226.12,116,buy,NYSE
tx_0001174,2025-06-08 10:28:21,MSFT,304.94,878,sell,NASDAQ
tx_0002476,2025-06-08 10:28:22,BRK.B,287.62,647,sell,NYSE
tx_0001870,2025-06-08 10:28:30,BRK.B,288.07,319,buy,NYSE
tx_0003277,2025-06-08 10:28:30,BRK.B,287.57,8,buy,NYSE
tx_0008801,2025-06-08 10:28:31,ADBE,624.59,731,buy,NASDAQ
tx_0000546,2025-06-08 10:28:32,PEP,151.05,551,buy,NYSE
tx_0000419,2025-06-08 10:28:33,V,228.76,549,buy,NYSE
tx_0008303,2025-06-08 10:28:35,WMT,141.14,218,sell,NYSE
tx_0001621,2025-06-08 10:28:35,AAPL,148.64,628,buy,NASDAQ
tx_0008572,2025-06-08 10:28:36,TSLA,682.84,138,buy,NASDAQ
tx_0003124,2025-06-08 10:28:40,MSFT,305.66,26,sell,NASDAQ
tx_0002102,2025-06-08 10:28:41,BRK.B,285.5,919,buy,NYSE
tx_0003224,2025-06-08 10:28:42,MCD,237.39,458,sell,NYSE
tx_0000347,2025-06-08 10:28:46,AAPL,149.48,193,buy,NASDAQ
tx_0000726,2025-06-08 10:28:46,DIS,181.67,653,buy,NYSE
tx_0005781,2025-06-08 10:28:46,MA,342.7,998,sell,NYSE
tx_0004085,2025-06-08 10:28:48,NFLX,510.13,478,sell,NASDAQ
tx_0006461,2025-06-08 10:28:48,MA,340.4,410,sell,NYSE
tx_0006333,2025-06-08 10:28:50,FB,340.03,107,sell,NASDAQ
tx_0003707,2025-06-08 10:28:50,MSFT,304.13,184,buy,NASDAQ
tx_0008823,2025-06-08 10:28:53,PEP,150.56,717,buy,NYSE
tx_0001238,2025-06-08 10:28:55,BRK.B,284.77,460,buy,NYSE
tx_0001147,2025-06-08 10:28:55,PG,133.78,837,buy,NYSE
tx_0001885,2025-06-08 10:28:55,NVDA,198.96,890,sell,NASDAQ
tx_0006152,2025-06-08 10:28:55,MSFT,302.87,105,sell,NASDAQ
tx_0006260,2025-06-08 10:29:00,V,227.92,688,sell,NYSE
tx_0002736,2025-06-08 10:29:01,MA,346.66,26,buy,NYSE
tx_0000040,2025-06-08 10:29:03,MA,339.99,908,sell,NYSE
tx_0009208,2025-06-08 10:29:04,NVDA,197.25,693,sell,NASDAQ
tx_0001557,2025-06-08 10:29:13,AMZN,3682.04,483,sell,NASDAQ
tx_0008466,2025-06-08 10:29:20,PYPL,247.06,395,buy,NASDAQ
tx_0007181,2025-06-08 10:29:20,WMT,139.97,517,buy,NYSE
tx_0000693,2025-06-08 10:29:23,AAPL,150.94,304,sell,NASDAQ
tx_0009678,2025-06-08 10:29:23,MA,341.33,764,buy,NYSE
tx_0001047,2025-06-08 10:29:26,JNJ,172.41,181,buy,NYSE
tx_0007847,2025-06-08 10:29:33,AMZN,3668.27,643,sell,NASDAQ
tx_0004652,2025-06-08 10:29:34,WMT,139.96,557,buy,NYSE
tx_0003584,2025-06-08 10:29:34,PG,135.1,564,buy,NYSE
tx_0001153,2025-06-08 10:29:35,PYPL,245.4,370,sell,NASDAQ
tx_0001482,2025-06-08 10:29:36,NVDA,199.63,661,sell,NASDAQ
tx_0005145,2025-06-08 10:29:38,MCD,236.15,727,sell,NYSE
tx_0002073,2025-06-08 10:29:40,MA,341.93,6,buy,NYSE
tx_0002527,2025-06-08 10:29:44,FB,338.47,785,sell,NASDAQ
tx_0006024,2025-06-08 10:29:45,PEP,149.74,947,sell,NYSE
tx_0009638,2025-06-08 10:29:46,FB,337.85,225,sell,NASDAQ
tx_0004266,2025-06-08 10:29:46,PG,133.8,15,sell,NYSE
tx_0006449,2025-06-08 10:29:48,AMZN,3697.81,201,sell,NASDAQ
tx_0003921,2025-06-08 10:29:49,PG,133.97,419,sell,NYSE
tx_0009965,2025-06-08 10:29:52,AMZN,3707.08,732,sell,NASDAQ
tx_0005161,2025-06-08 10:29:53,FB,337.6,490,sell,NASDAQ
tx_0005152,2025-06-08 10:30:01,NFLX,509.48,208,sell,NASDAQ
tx_0004037,2025-06-08 10:30:04,MCD,238.09,519,sell,NYSE
tx_0004453,2025-06-08 10:30:08,V,228.69,630,sell,NYSE
tx_0001944,2025-06-08 10:30:10,ADBE,629.08,638,sell,NASDAQ
tx_0000353,2025-06-08 10:30:16,V,230.03,535,sell,NYSE
tx_0006579,2025-06-08 10:30:17,AMZN,3667.53,412,buy,NASDAQ
tx_0006799,2025-06-08 10:30:17,NVDA,197.77,691,buy,NASDAQ
tx_0000770,2025-06-08 10:30:21,GOOGL,2765.9,953,sell,NASDAQ
tx_0007106,2025-06-08 10:30:22,MSFT,299.11,993,sell,NASDAQ
tx_0000712,2025-06-08 10:30:26,FB,336.77,359,buy,NASDAQ
tx_0008334,2025-06-08 10:30:31,MA,340.44,115,sell,NYSE
tx_0000202,2025-06-08 10:30:32,MCD,236.22,988,buy,NYSE
tx_0009033,2025-06-08 10:30:39,MSFT,301.49,838,buy,NASDAQ
tx_0009057,2025-06-08 10:30:39,NVDA,198.17,401,sell,NASDAQ
tx_0000298,2025-06-08 10:30:44,MSFT,303.88,759,buy,NASDAQ
tx_0007843,2025-06-08 10:30:45,V,226.46,712,buy,NYSE
tx_0006569,2025-06-08 10:30:46,AAPL,149.21,595,buy,NASDAQ
tx_0004901,2025-06-08 10:30:50,V,229.92,17,sell,NYSE
tx_0002592,2025-06-08 10:30:52,BRK.B,284.57,976,buy,NYSE
tx_0005467,2025-06-08 10:30:53,MA,345.84,96,sell,NYSE
tx_0002028,2025-06-08 10:30:55,MA,341.3,468,sell,NYSE
tx_0004469,2025-06-08 10:30:57,AMZN,3676.04,338,sell,NASDAQ
tx_0003682,2025-06-08 10:30:58,MCD,233.58,714,buy,NYSE
tx_0005251,2025-06-08 10:31:05,FB,338.28,695,sell,NASDAQ
tx_0009139,2025-06-08 10:31:06,V,228.41,420,buy,NYSE
tx_0008622,2025-06-08 10:31:07,ADBE,632.27,548,sell,NASDAQ
tx_0008844,2025-06-08 10:31:08,PEP,150.74,235,buy,NYSE
tx_0004512,2025-06-08 10:31:12,TSLA,686.51,524,sell,NASDAQ
tx_0009744,2025-06-08 10:31:13,MSFT,304.75,337,buy,NASDAQ
tx_0007813,2025-06-08 10:31:14,MCD,237.21,154,buy,NYSE
tx_0007169,2025-06-08 10:31:18,TSLA,677.4,671,buy,NASDAQ
tx_0006251,2025-06-08 10:31:28,MSFT,303.89,185,buy,NASDAQ
tx_0004204,2025-06-08 10:31:30,PEP,149.16,623,sell,NYSE
tx_0006039,2025-06-08 10:31:43,DIS,184.01,471,sell,NYSE
tx_0006947,2025-06-08 10:31:46,FB,336.16,850,buy,NASDAQ
tx_0000019,2025-06-08 10:31:46,WMT,139.94,261,sell,NYSE
tx_0008965,2025-06-08 10:31:47,MSFT,306.44,243,sell,NASDAQ
tx_0005687,2025-06-08 10:31:48,GOOGL,2775.38,754,sell,NASDAQ
tx_0005685,2025-06-08 10:31:51,AAPL,149.23,728,buy,NASDAQ
tx_0007216,2025-06-08 10:31:55,PG,135.11,799,sell,NYSE
tx_0003935,2025-06-08 10:31:57,ADBE,621.44,108,buy,NASDAQ
tx_0004899,2025-06-08 10:31:58,AMZN,3732.08,491,sell,NASDAQ
tx_0000754,2025-06-08 10:32:03,PEP,151.48,534,buy,NYSE
tx_0002775,2025-06-08 10:32:03,ADBE,628.54,312,buy,NASDAQ
tx_0008256,2025-06-08 10:32:11,MCD,233.72,898,sell,NYSE
tx_0006374,2025-06-08 10:32:13,V,230.51,353,sell,NYSE
tx_0005108,2025-06-08 10:32:16,PG,135.92,318,sell,NYSE
tx_0001905,2025-06-08 10:32:18,AAPL,151.27,409,sell,NASDAQ
tx_0006689,2025-06-08 10:32:22,TSLA,689.38,226,sell,NASDAQ
tx_0005057,2025-06-08 10:32:26,DIS,180.96,62,buy,NYSE
tx_0000207,2025-06-08 10:32:28,PEP,150.36,580,buy,NYSE
tx_0004295,2025-06-08 10:32:29,AMZN,3735.88,317,buy,NASDAQ
tx_0002328,2025-06-08 10:32:30,MA,341.64,274,sell,NYSE
tx_0005771,2025-06-08 10:32:31,MCD,235.39,444,buy,NYSE
tx_0009800,2025-06-08 10:32:32,MA,341.48,259,buy,NYSE
tx_0003111,2025-06-08 10:32:37,MA,340.03,178,sell,NYSE
tx_0000108,2025-06-08 10:32:38,PYPL,247.2,537,sell,NASDAQ
tx_0001712,2025-06-08 10:32:42,DIS,182.04,300,sell,NYSE
tx_0007355,2025-06-08 10:32:43,PEP,151.3,703,sell,NYSE
tx_0009609,2025-06-08 10:32:44,PG,136.12,456,buy,NYSE
tx_0005759,2025-06-08 10:32:50,ADBE,634.07,536,sell,NASDAQ
tx_0008097,2025-06-08 10:32:53,PG,135.32,111,sell,NYSE
tx_0004245,2025-06-08 10:32:55,PYPL,247.05,75,sell,NASDAQ
tx_0004404,2025-06-08 10:32:56,ADBE,623.65,185,sell,NASDAQ
tx_0003768,2025-06-08 10:33:04,PEP,150.16,124,buy,NYSE
tx_0007129,2025-06-08 10:33:08,WMT,141.24,934,buy,NYSE
tx_0004961,2025-06-08 10:33:11,PG,134.15,843,sell,NYSE
tx_0008521,2025-06-08 10:33:17,MA,340.62,517,buy,NYSE
tx_0008919,2025-06-08 10:33:18,BRK.B,291.75,210,sell,NYSE
tx_0004378,2025-06-08 10:33:20,PYPL,244.84,513,buy,NASDAQ
tx_0000769,2025-06-08 10:33:22,MCD,235.61,558,buy,NYSE
tx_0003586,2025-06-08 10:33:22,NFLX,508.3,878,sell,NASDAQ
tx_0001692,2025-06-08 10:33:26,V,228.79,50,buy,NYSE
tx_0001179,2025-06-08 10:33:27,DIS,180.68,65,sell,NYSE
tx_0009836,2025-06-08 10:33:27,WMT,139.8,668,sell,NYSE
tx_0009759,2025-06-08 10:33:28,MSFT,305.74,673,buy,NASDAQ
tx_0008582,2025-06-08 10:33:31,MCD,232.92,682,buy,NYSE
tx_0006917,2025-06-08 10:33:31,BRK.B,289.42,516,sell,NYSE
tx_0009283,2025-06-08 10:33:34,DIS,179.3,303,sell,NYSE
tx_0006646,2025-06-08 10:33:36,GOOGL,2772.92,851,sell,NASDAQ
tx_0009589,2025-06-08 10:33:37,PG,133.97,600,sell,NYSE
tx_0002116,2025-06-08 10:33:38,GOOGL,2770.95,43,buy,NASDAQ
tx_0006013,2025-06-08 10:33:44,DIS,180.29,556,buy,NYSE
tx_0007682,2025-06-08 10:33:45,AAPL,150.5,300,sell,NASDAQ
tx_0005356,2025-06-08 10:33:50,NFLX,504.06,24,buy,NASDAQ
tx_0004316,2025-06-08 10:33:51,GOOGL,2780.86,371,sell,NASDAQ
tx_0007328,2025-06-08 10:33:51,WMT,139.66,819,buy,NYSE
tx_0002286,2025-06-08 10:33:55,PYPL,243.77,305,buy,NASDAQ
tx_0006036,2025-06-08 10:33:57,PEP,150.45,507,buy,NYSE
tx_0006517,2025-06-08 10:34:01,NFLX,503.4,261,buy,NASDAQ
tx_0004479,2025-06-08 10:34:08,MSFT,305.62,73,sell,NASDAQ
tx_0000964,2025-06-08 10:34:09,DIS,181.69,53,buy,NYSE
tx_0002281,2025-06-08 10:34:12,FB,338.41,12,buy,NASDAQ
tx_0009524,2025-06-08 10:34:16,AAPL,150.5,638,buy,NASDAQ
tx_0007957,2025-06-08 10:34:16,ADBE,631.9,991,buy,NASDAQ
tx_0001800,2025-06-08 10:34:20,PEP,150.2,767,sell,NYSE
tx_0008157,2025-06-08 10:34:28,FB,337.2,758,buy,NASDAQ
tx_0001370,2025-06-08 10:34:37,FB,338.18,362,buy,NASDAQ
tx_0003491,2025-06-08 10:34:42,NFLX,503.4,750,buy,NASDAQ
tx_0000807,2025-06-08 10:34:43,NFLX,506.12,599,buy,NASDAQ
tx_0000283,2025-06-08 10:34:51,BRK.B,289.94,728,sell,NYSE
tx_0002059,2025-06-08 10:34:51,TSLA,686.63,539,buy,NASDAQ
tx_0006376,2025-06-08 10:34:53,BRK.B,288.49,855,buy,NYSE
tx_0001513,2025-06-08 10:34:53,JNJ,168.99,371,sell,NYSE
tx_0000557,2025-06-08 10:34:56,GOOGL,2763.79,169,buy,NASDAQ
tx_0004301,2025-06-08 10:34:57,MCD,235.24,468,sell,NYSE
tx_0009428,2025-06-08 10:34:57,PYPL,247.02,684,buy,NASDAQ
tx_0009166,2025-06-08 10:34:59,MA,340.09,547,buy,NYSE
tx_0009852,2025-06-08 10:34:59,MCD,232.48,701,sell,NYSE
tx_0007893,2025-06-08 10:35:05,AAPL,149.52,120,sell,NASDAQ
tx_0009625,2025-06-08 10:35:05,PEP,149.67,816,sell,NYSE
tx_0008976,2025-06-08 10:35:10,BRK.B,288.44,856,sell,NYSE
tx_0005910,2025-06-08 10:35:11,PEP,150.73,560,buy,NYSE
tx_0006972,2025-06-08 10:35:12,PG,134.92,796,buy,NYSE
tx_0007103,2025-06-08 10:35:14,V,227.81,263,sell,NYSE
tx_0001414,2025-06-08 10:35:19,BRK.B,290.91,298,buy,NYSE
tx_0008956,2025-06-08 10:35:24,WMT,140.74,818,sell,NYSE
tx_0004070,2025-06-08 10:35:31,JNJ,170.25,944,buy,NYSE
tx_0003543,2025-06-08 10:35:33,PEP,150.66,733,buy,NYSE
tx_0008653,2025-06-08 10:35:33,MA,342.57,116,buy,NYSE
tx_0002772,2025-06-08 10:35:35,PEP,149.82,700,buy,NYSE
tx_0002956,2025-06-08 10:35:38,PYPL,242.54,368,buy,NASDAQ
tx_0007865,2025-06-08 10:35:41,DIS,181.5,405,sell,NYSE
tx_0006219,2025-06-08 10:35:43,MCD,232.87,942,sell,NYSE
tx_0003696,2025-06-08 10:35:54,NFLX,501.41,557,buy,NASDAQ
tx_0001798,2025-06-08 10:36:03,PG,135.68,452,buy,NYSE
tx_0000520,2025-06-08 10:36:04,PEP,148.08,715,sell,NYSE
tx_0008633,2025-06-08 10:36:05,PEP,149.74,459,sell,NYSE
tx_0002036,2025-06-08 10:36:05,AAPL,148.37,738,sell,NASDAQ
tx_0003929,2025-06-08 10:36:13,GOOGL,2764.16,209,sell,NASDAQ
tx_0004519,2025-06-08 10:36:14,ADBE,632.56,106,buy,NASDAQ
tx_0000823,2025-06-08 10:36:18,ADBE,627.84,860,sell,NASDAQ
tx_0003681,2025-06-08 10:36:26,V,228.36,948,buy,NYSE
tx_0002454,2025-06-08 10:36:28,MCD,234.72,42,buy,NYSE
tx_0003712,2025-06-08 10:36:28,WMT,142.36,94,buy,NYSE
tx_0003853,2025-06-08 10:36:29,V,227.91,755,sell,NYSE
tx_0001468,2025-06-08 10:36:30,V,227.22,778,buy,NYSE
tx_0008212,2025-06-08 10:36:36,MSFT,306.9,993,buy,NASDAQ
tx_0002484,2025-06-08 10:36:36,WMT,142.03,485,buy,NYSE
tx_0003687,2025-06-08 10:36:36,PYPL,243.39,32,sell,NASDAQ
tx_0004626,2025-06-08 10:36:37,MCD,234.42,104,buy,NYSE
tx_0008015,2025-06-08 10:36:39,DIS,182.04,395,sell,NYSE
tx_0009239,2025-06-08 10:36:41,PG,135.13,207,buy,NYSE
tx_0003248,2025-06-08 10:36:47,TSLA,689.51,358,buy,NASDAQ
tx_0000404,2025-06-08 10:36:59,GOOGL,2753.76,421,sell,NASDAQ
tx_0003077,2025-06-08 10:37:01,ADBE,625.22,193,sell,NASDAQ
tx_0007027,2025-06-08 10:37:01,MA,344.56,725,buy,NYSE
tx_0009637,2025-06-08 10:37:03,AMZN,3713.61,560,buy,NASDAQ
tx_0004958,2025-06-08 10:37:03,JNJ,169.3,993,buy,NYSE
tx_0001299,2025-06-08 10:37:03,DIS,180.37,251,sell,NYSE
tx_0000140,2025-06-08 10:37:06,AAPL,151.5,631,sell,NASDAQ
tx_0004638,2025-06-08 10:37:07,JNJ,168.4,104,buy,NYSE
tx_0005717,2025-06-08 10:37:16,NVDA,200.98,873,sell,NASDAQ
tx_0001772,2025-06-08 10:37:16,AMZN,3666.51,552,sell,NASDAQ
tx_0002931,2025-06-08 10:37:19,DIS,180.36,40,sell,NYSE
tx_0003134,2025-06-08 10:37:20,WMT,140.41,30,buy,NYSE
tx_0007958,2025-06-08 10:37:20,PYPL,246.78,887,buy,NASDAQ
tx_0002303,2025-06-08 10:37:28,AMZN,3672.43,498,sell,NASDAQ
tx_0003132,2025-06-08 10:37:30,MA,342.02,255,sell,NYSE
tx_0007063,2025-06-08 10:37:33,PG,134.72,826,buy,NYSE
tx_0003170,2025-06-08 10:37:34,WMT,142.66,444,buy,NYSE
tx_0009766,2025-06-08 10:37:36,JNJ,169.58,247,buy,NYSE
tx_0009697,2025-06-08 10:37:44,AMZN,3726.07,224,sell,NASDAQ
tx_0003529,2025-06-08 10:37:44,AAPL,150.41,735,buy,NASDAQ
tx_0009097,2025-06-08 10:37:45,NVDA,200.8,956,buy,NASDAQ
tx_0007350,2025-06-08 10:37:48,PG,135.51,175,buy,NYSE
tx_0006796,2025-06-08 10:37:48,PYPL,246.89,691,sell,NASDAQ
tx_0006193,2025-06-08 10:37:48,MCD,235.15,250,sell,NYSE
tx_0003088,2025-06-08 10:37:57,GOOGL,2790.47,632,buy,NASDAQ
tx_0009202,2025-06-08 10:37:59,AAPL,149.07,527,sell,NASDAQ
tx_0001439,2025-06-08 10:38:01,MSFT,308.24,604,sell,NASDAQ
tx_0007576,2025-06-08 10:38:01,NVDA,197.97,167,buy,NASDAQ
tx_0004964,2025-06-08 10:38:02,ADBE,631.18,567,buy,NASDAQ
tx_0004338,2025-06-08 10:38:07,NFLX,496.38,669,buy,NASDAQ
tx_0005334,2025-06-08 10:38:07,AAPL,149.58,159,buy,NASDAQ
tx_0001977,2025-06-08 10:38:11,TSLA,680.67,478,buy,NASDAQ
tx_0004178,2025-06-08 10:38:14,V,227.75,509,buy,NYSE
tx_0004642,2025-06-08 10:38:18,NVDA,199.41,906,sell,NASDAQ
tx_0005999,2025-06-08 10:38:19,PEP,150.67,650,sell,NYSE
tx_0002483,2025-06-08 10:38:28,MA,342.84,857,buy,NYSE
tx_0004205,2025-06-08 10:38:30,MCD,237.22,681,sell,NYSE
tx_0009894,2025-06-08 10:38:31,MA,346.78,802,buy,NYSE
tx_0008220,2025-06-08 10:38:32,NFLX,491.02,588,sell,NASDAQ
tx_0009268,2025-06-08 10:38:34,PEP,149.07,230,sell,NYSE
tx_0008647,2025-06-08 10:38:39,MCD,234.21,74,buy,NYSE
tx_0001278,2025-06-08 10:38:39,NVDA,197.63,403,sell,NASDAQ
tx_0003537,2025-06-08 10:38:41,GOOGL,2787.33,626,buy,NASDAQ
tx_0008147,2025-06-08 10:38:42,DIS,180.61,85,sell,NYSE
tx_0008339,2025-06-08 10:38:42,PYPL,245.55,91,buy,NASDAQ
tx_0004875,2025-06-08 10:38:43,ADBE,624.34,190,sell,NASDAQ
tx_0005157,2025-06-08 10:38:46,MA,343.24,70,sell,NYSE
tx_0004892,2025-06-08 10:38:48,DIS,181.62,911,sell,NYSE
tx_0009121,2025-06-08 10:38:56,TSLA,687.23,55,sell,NASDAQ
tx_0008643,2025-06-08 10:38:59,WMT,141.69,44,sell,NYSE
tx_0006855,2025-06-08 10:39:04,ADBE,629.78,157,buy,NASDAQ
tx_0007099,2025-06-08 10:39:05,FB,336.56,462,buy,NASDAQ
tx_0004217,2025-06-08 10:39:09,KO,56.58,712,buy,NYSE
tx_0007362,2025-06-08 10:39:10,MCD,237.64,602,buy,NYSE
tx_0003855,2025-06-08 10:39:10,NFLX,499.11,232,sell,NASDAQ
tx_0006553,2025-06-08 10:39:12,MA,343.71,726,buy,NYSE
tx_0001037,2025-06-08 10:39:15,NVDA,200.72,302,sell,NASDAQ
tx_0001460,2025-06-08 10:39:19,AAPL,149.66,173,buy,NASDAQ
tx_0000758,2025-06-08 10:39:19,AAPL,149.97,757,sell,NASDAQ
tx_0008609,2025-06-08 10:39:20,MCD,234.94,714,sell,NYSE
tx_0008583,2025-06-08 10:39:21,AMZN,3663.28,118,buy,NASDAQ
tx_0009443,2025-06-08 10:39:27,V,228.45,657,sell,NYSE
tx_0008154,2025-06-08 10:39:27,PEP,148.43,902,buy,NYSE
tx_0008819,2025-06-08 10:39:28,PYPL,243.9,92,sell,NASDAQ
tx_0003448,2025-06-08 10:39:29,MA,341.5,557,buy,NYSE
tx_0005196,2025-06-08 10:39:34,PG,135.24,372,sell,NYSE
tx_0002173,2025-06-08 10:39:44,DIS,180.81,913,sell,NYSE
tx_0005649,2025-06-08 10:39:45,FB,337.79,337,sell,NASDAQ
tx_0005097,2025-06-08 10:39:53,PG,134.85,203,buy,NYSE
tx_0003795,2025-06-08 10:39:58,BRK.B,287.32,350,buy,NYSE
tx_0007634,2025-06-08 10:39:58,BRK.B,288.62,887,sell,NYSE
tx_0007357,2025-06-08 10:40:01,NVDA,199.99,710,sell,NASDAQ
tx_0006196,2025-06-08 10:40:06,ADBE,623.71,476,sell,NASDAQ
tx_0003062,2025-06-08 10:40:09,NVDA,199.92,252,buy,NASDAQ
tx_0003633,2025-06-08 10:40:13,BRK.B,287.34,835,buy,NYSE
tx_0002470,2025-06-08 10:40:13,PEP,148.39,873,sell,NYSE
tx_0000319,2025-06-08 10:40:16,PEP,148.17,441,sell,NYSE
tx_0007856,2025-06-08 10:40:24,MCD,235.95,325,sell,NYSE
tx_0009927,2025-06-08 10:40:24,NVDA,197.94,337,buy,NASDAQ
tx_0009130,2025-06-08 10:40:25,PYPL,243.05,903,buy,NASDAQ
tx_0008464,2025-06-08 10:40:26,NFLX,490.89,309,sell,NASDAQ
