transaction_id,timestamp,stock_symbol,price,quantity,order_type,exchange
tx_0007265,2025-06-13 09:30:05,AAPL,149.73,652.0,sell,NASDAQ
tx_0009552,2025-06-13 09:30:09,PG,140.13,56.0,sell,
tx_0004248,2025-06-13 09:30:12,PG,140.62,335.0,sell,NYSE
tx_0001328,2025-06-13 09:30:14,KO,55.03,790.0,sell,NYSE
tx_0006642,2025-06-13 09:30:15,JNJ,170.41,987.0,sell,NYSE
tx_0007034,2025-06-13 09:30:20,V,221.18,508.0,sell,NYSE
tx_0003611,2025-06-13 09:30:23,BRK.B,280.62,233.0,buy,NYSE
tx_0009300,2025-06-13 09:30:24,FB,329.93,689.0,buy,NASDAQ
tx_0001834,2025-06-13 09:30:26,NVDA,198.76,59.0,buy,NASDAQ
tx_0000643,2025-06-13 09:30:26,PG,140.67,803.0,buy,NYSE
tx_0002853,2025-06-13 09:30:26,WMT,140.56,32.0,sell,NYSE
tx_0003995,2025-06-13 09:30:36,FB,329.66,672.0,buy,NASDAQ
tx_0005794,2025-06-13 09:30:41,ADBE,598.06,560.0,sell,NASDAQ
tx_0007641,2025-06-13 09:30:47,TSLA,703.2,527.0,buy,NASDAQ
tx_0000766,2025-06-13 09:30:55,FB,330.57,389.0,sell,NASDAQ
tx_0002689,2025-06-13 09:30:55,PEP,150.01,606.0,sell,NYSE
tx_0002721,2025-06-13 09:31:03,FB,331.4,207.0,buy,NASDAQ
tx_0009195,2025-06-13 09:31:03,V,218.68,476.0,buy,NYSE
tx_0009020,2025-06-13 09:31:06,TSLA,700.57,350.0,buy,NASDAQ
tx_0007966,2025-06-13 09:31:06,AMZN,3508.69,631.0,sell,NASDAQ
tx_0001872,2025-06-13 09:31:06,AAPL,151.22,594.0,buy,NASDAQ
tx_0008783,2025-06-13 09:31:08,V,219.94,43.0,sell,NYSE
tx_0004944,2025-06-13 09:31:08,KO,55.27,941.0,sell,NYSE
tx_0007881,2025-06-13 09:31:13,WMT,140.94,465.0,buy,NYSE
tx_0005629,2025-06-13 09:31:22,DIS,181.05,730.0,sell,NYSE
tx_0001113,2025-06-13 09:31:24,TSLA,706.72,954.0,buy,NASDAQ
tx_0007646,2025-06-13 09:31:28,DIS,181.83,916.0,sell,NYSE
tx_0002847,2025-06-13 09:31:32,WMT,138.35,456.0,sell,NYSE
tx_0004742,2025-06-13 09:31:35,TSLA,694.31,863.0,sell,NASDAQ
tx_0005118,2025-06-13 09:31:36,MCD,248.62,340.0,buy,NYSE
tx_0008413,2025-06-13 09:31:44,AMZN,3505.41,505.0,buy,NASDAQ
tx_0001114,2025-06-13 09:31:44,NVDA,199.26,346.0,sell,NASDAQ
tx_0002345,2025-06-13 09:31:48,NVDA,200.36,779.0,buy,NASDAQ
tx_0009722,2025-06-13 09:31:52,BRK.B,279.54,39.0,buy,NYSE
tx_0004653,2025-06-13 09:31:59,BRK.B,281.53,766.0,buy,NYSE
tx_0004608,2025-06-13 09:31:59,AMZN,3479.92,477.0,sell,NASDAQ
tx_0001617,2025-06-13 09:32:01,GOOGL,2825.05,623.0,buy,NASDAQ
tx_0009475,2025-06-13 09:32:02,MSFT,296.41,696.0,buy,NASDAQ
tx_0007601,2025-06-13 09:32:07,MA,346.47,262.0,sell,NYSE
tx_0005526,2025-06-13 09:32:09,DIS,182.18,53.0,sell,NYSE
tx_0004746,2025-06-13 09:32:16,PEP,147.52,513.0,sell,NYSE
tx_0004442,2025-06-13 09:32:18,PG,139.99,260.0,sell,NYSE
tx_0001788,2025-06-13 09:32:19,JNJ,169.7,184.0,sell,NYSE
tx_0001991,2025-06-13 09:32:20,NVDA,198.64,246.0,sell,NASDAQ
tx_0008713,2025-06-13 09:32:23,AAPL,150.09,162.0,buy,NASDAQ
tx_0002225,2025-06-13 09:32:26,WMT,140.4,769.0,buy,NYSE
tx_0002785,2025-06-13 09:32:27,PEP,148.13,599.0,sell,NYSE
tx_0009939,2025-06-13 09:32:28,MSFT,299.14,178.0,sell,NASDAQ
tx_0007752,2025-06-13 09:32:31,WMT,140.52,885.0,buy,NYSE
tx_0007093,2025-06-13 09:32:32,TSLA,695.4,194.0,sell,NASDAQ
tx_0003359,2025-06-13 09:32:41,NFLX,497.8,351.0,sell,NASDAQ
tx_0008284,2025-06-13 09:32:43,AAPL,148.43,338.0,sell,NASDAQ
tx_0000688,2025-06-13 09:32:46,NFLX,499.4,458.0,buy,NASDAQ
tx_0006526,2025-06-13 09:32:51,PYPL,249.82,142.0,sell,NASDAQ
tx_0006015,2025-06-13 09:32:54,GOOGL,2811.14,41.0,buy,NASDAQ
tx_0001737,2025-06-13 09:32:55,ADBE,609.13,677.0,buy,NASDAQ
tx_0001625,2025-06-13 09:32:56,V,220.09,787.0,sell,NYSE
tx_0006310,2025-06-13 09:32:57,MCD,248.66,699.0,buy,NYSE
tx_0005806,2025-06-13 09:32:59,V,217.64,725.0,sell,NYSE
tx_0007989,2025-06-13 09:33:00,PEP,149.8,821.0,sell,NYSE
tx_0005463,2025-06-13 09:33:04,MA,350.62,460.0,sell,NYSE
tx_0006475,2025-06-13 09:33:04,TSLA,696.58,531.0,sell,NASDAQ
tx_0003919,2025-06-13 09:33:05,TSLA,699.87,130.0,buy,NASDAQ
tx_0002423,2025-06-13 09:33:05,AMZN,3466.62,942.0,sell,NASDAQ
tx_0000747,2025-06-13 09:33:05,ADBE,598.89,,,NASDAQ
tx_0009145,2025-06-13 09:33:07,PYPL,249.33,743.0,buy,NASDAQ
tx_0007094,2025-06-13 09:33:08,MCD,248.92,920.0,buy,NYSE
tx_0008255,2025-06-13 09:33:09,JNJ,170.33,760.0,sell,NYSE
tx_0004884,2025-06-13 09:33:10,WMT,138.49,129.0,sell,NYSE
tx_0009965,2025-06-13 09:33:14,FB,331.24,215.0,buy,NASDAQ
tx_0006916,2025-06-13 09:33:15,TSLA,689.92,904.0,sell,NASDAQ
tx_0009370,2025-06-13 09:33:15,TSLA,690.0,993.0,sell,NASDAQ
tx_0009817,2025-06-13 09:33:16,GOOGL,2776.17,647.0,sell,NASDAQ
tx_0007565,2025-06-13 09:33:16,KO,55.55,492.0,buy,NYSE
tx_0008963,2025-06-13 09:33:24,AMZN,3478.85,847.0,sell,NASDAQ
tx_0004069,2025-06-13 09:33:26,JNJ,170.47,167.0,sell,NYSE
tx_0008805,2025-06-13 09:33:29,MCD,247.35,607.0,buy,NYSE
tx_0000870,2025-06-13 09:33:29,AAPL,148.27,356.0,buy,NASDAQ
tx_0002288,2025-06-13 09:33:30,JNJ,169.07,941.0,buy,NYSE
tx_0000830,2025-06-13 09:33:35,PEP,148.73,667.0,buy,NYSE
tx_0006820,2025-06-13 09:33:35,PG,138.43,789.0,buy,NYSE
tx_0001075,2025-06-13 09:33:37,NFLX,502.87,928.0,sell,NASDAQ
tx_0002987,2025-06-13 09:33:37,BRK.B,277.64,223.0,buy,NYSE
tx_0002355,2025-06-13 09:33:38,FB,328.01,543.0,sell,NASDAQ
tx_0001533,2025-06-13 09:33:40,V,221.13,716.0,sell,NYSE
tx_0000120,2025-06-13 09:33:42,MSFT,298.47,741.0,,NASDAQ
tx_0002950,2025-06-13 09:33:43,AAPL,149.24,517.0,buy,NASDAQ
tx_0009781,2025-06-13 09:33:49,NFLX,498.83,583.0,sell,NASDAQ
tx_0006788,2025-06-13 09:33:51,BRK.B,279.84,720.0,buy,NYSE
tx_0009901,2025-06-13 09:33:51,NFLX,504.57,984.0,buy,NASDAQ
tx_0008248,2025-06-13 09:33:53,GOOGL,2803.5,298.0,sell,NASDAQ
tx_0006180,2025-06-13 09:33:57,MSFT,297.96,46.0,buy,NASDAQ
tx_0000275,2025-06-13 09:33:59,NFLX,506.54,268.0,buy,NASDAQ
tx_0001272,2025-06-13 09:34:02,GOOGL,2805.91,,sell,NASDAQ
tx_0000038,2025-06-13 09:34:03,ADBE,602.57,610.0,sell,NASDAQ
tx_0008817,2025-06-13 09:34:05,AMZN,3523.43,693.0,sell,NASDAQ
tx_0000518,2025-06-13 09:34:08,MA,346.31,120.0,buy,NYSE
tx_0003738,2025-06-13 09:34:08,PG,138.83,342.0,buy,NYSE
tx_0007249,2025-06-13 09:34:10,PEP,148.05,61.0,sell,NYSE
tx_0001864,2025-06-13 09:34:13,TSLA,689.43,350.0,sell,NASDAQ
tx_0006461,2025-06-13 09:34:17,BRK.B,279.23,558.0,buy,NYSE
tx_0001259,2025-06-13 09:34:21,V,217.5,967.0,buy,NYSE
tx_0007594,2025-06-13 09:34:25,AAPL,150.64,665.0,sell,NASDAQ
tx_0004916,2025-06-13 09:34:27,AMZN,3477.08,809.0,buy,NASDAQ
tx_0005609,2025-06-13 09:34:29,MSFT,300.21,776.0,sell,NASDAQ
tx_0002980,2025-06-13 09:34:30,AAPL,150.28,638.0,sell,NASDAQ
tx_0009748,2025-06-13 09:34:37,WMT,141.34,837.0,sell,NYSE
tx_0001790,2025-06-13 09:34:39,WMT,138.99,146.0,buy,NYSE
tx_0008966,2025-06-13 09:34:46,V,219.56,648.0,sell,
tx_0000834,2025-06-13 09:34:47,PEP,148.86,1000.0,buy,NYSE
tx_0000768,2025-06-13 09:34:48,NVDA,200.18,389.0,sell,NASDAQ
tx_0002173,2025-06-13 09:34:53,FB,329.97,922.0,sell,NASDAQ
tx_0000389,2025-06-13 09:34:57,AMZN,3494.42,19.0,sell,NASDAQ
tx_0002444,2025-06-13 09:35:04,PYPL,249.82,297.0,sell,NASDAQ
tx_0002115,2025-06-13 09:35:09,MCD,246.54,857.0,sell,NYSE
tx_0002796,2025-06-13 09:35:09,FB,332.86,402.0,buy,NASDAQ
tx_0005704,2025-06-13 09:35:11,PYPL,250.51,702.0,buy,NASDAQ
tx_0007617,2025-06-13 09:35:11,NFLX,498.96,563.0,sell,NASDAQ
tx_0003631,2025-06-13 09:35:11,BRK.B,277.35,376.0,buy,NYSE
tx_0003212,2025-06-13 09:35:12,DIS,180.43,828.0,buy,NYSE
tx_0000811,2025-06-13 09:35:12,GOOGL,2789.69,671.0,sell,NASDAQ
tx_0001658,2025-06-13 09:35:12,MSFT,298.77,542.0,sell,NASDAQ
tx_0001109,2025-06-13 09:35:13,PG,138.88,731.0,sell,NYSE
tx_0007214,2025-06-13 09:35:16,MCD,247.61,510.0,sell,NYSE
tx_0002737,2025-06-13 09:35:16,ADBE,608.01,719.0,buy,NASDAQ
tx_0007681,2025-06-13 09:35:18,NVDA,198.29,790.0,buy,NASDAQ
tx_0008228,2025-06-13 09:35:19,BRK.B,276.62,248.0,sell,NYSE
tx_0003313,2025-06-13 09:35:20,TSLA,691.82,483.0,sell,NASDAQ
tx_0005393,2025-06-13 09:35:20,NVDA,198.17,794.0,buy,NASDAQ
tx_0005210,2025-06-13 09:35:21,WMT,139.82,158.0,sell,NYSE
tx_0007398,2025-06-13 09:35:22,PYPL,248.99,100.0,sell,NASDAQ
tx_0006390,2025-06-13 09:35:25,DIS,178.64,537.0,buy,NYSE
tx_0007303,2025-06-13 09:35:27,ADBE,600.92,242.0,buy,NASDAQ
tx_0007210,2025-06-13 09:35:28,MA,349.21,15.0,buy,NYSE
tx_0007633,2025-06-13 09:35:28,WMT,139.39,622.0,sell,NYSE
tx_0003971,2025-06-13 09:35:29,PYPL,250.6,114.0,sell,NASDAQ
tx_0000875,2025-06-13 09:35:29,PYPL,252.04,769.0,sell,NASDAQ
tx_0002585,2025-06-13 09:35:32,GOOGL,2813.93,466.0,sell,NASDAQ
tx_0008263,2025-06-13 09:35:35,PG,137.79,409.0,buy,NYSE
tx_0005002,2025-06-13 09:35:37,BRK.B,280.16,666.0,sell,NYSE
tx_0002007,2025-06-13 09:35:45,TSLA,689.44,917.0,buy,NASDAQ
tx_0004331,2025-06-13 09:35:46,MCD,250.07,1.0,buy,NYSE
tx_0006749,2025-06-13 09:35:47,MSFT,298.38,261.0,sell,NASDAQ
tx_0001765,2025-06-13 09:35:47,DIS,182.62,56.0,buy,NYSE
tx_0004338,2025-06-13 09:35:49,FB,329.87,886.0,buy,NASDAQ
tx_0009667,2025-06-13 09:35:50,BRK.B,280.35,715.0,buy,NYSE
tx_0005896,2025-06-13 09:35:51,PG,138.16,281.0,sell,NYSE
tx_0000010,2025-06-13 09:35:52,AMZN,3463.72,989.0,buy,NASDAQ
tx_0008995,2025-06-13 09:35:53,AAPL,150.93,949.0,sell,NASDAQ
tx_0005271,2025-06-13 09:35:56,V,216.44,938.0,buy,NYSE
tx_0007386,2025-06-13 09:35:58,BRK.B,279.11,965.0,sell,NYSE
tx_0001025,2025-06-13 09:35:58,NFLX,499.17,792.0,sell,NASDAQ
tx_0006958,2025-06-13 09:36:01,PYPL,249.07,488.0,sell,NASDAQ
tx_0000431,2025-06-13 09:36:02,TSLA,701.17,125.0,sell,NASDAQ
tx_0006339,2025-06-13 09:36:02,DIS,180.64,739.0,buy,NYSE
tx_0006982,2025-06-13 09:36:03,MA,345.51,403.0,sell,NYSE
tx_0001590,2025-06-13 09:36:03,FB,332.2,526.0,sell,NASDAQ
tx_0007346,2025-06-13 09:36:07,NFLX,502.99,139.0,buy,NASDAQ
tx_0005200,2025-06-13 09:36:08,MSFT,297.46,652.0,buy,NASDAQ
tx_0006079,2025-06-13 09:36:11,MA,348.56,937.0,sell,NYSE
tx_0002682,2025-06-13 09:36:13,NFLX,502.41,813.0,buy,
tx_0007976,2025-06-13 09:36:19,AMZN,3513.8,48.0,buy,NASDAQ
tx_0002016,2025-06-13 09:36:19,NVDA,197.96,216.0,sell,NASDAQ
tx_0005366,2025-06-13 09:36:21,NFLX,504.46,664.0,sell,NASDAQ
tx_0000211,2025-06-13 09:36:22,DIS,179.49,295.0,buy,NYSE
tx_0009682,2025-06-13 09:36:22,NFLX,502.38,322.0,sell,NASDAQ
tx_0001405,2025-06-13 09:36:22,NFLX,500.47,356.0,buy,NASDAQ
tx_0003434,2025-06-13 09:36:24,GOOGL,2786.84,519.0,sell,NASDAQ
tx_0003104,2025-06-13 09:36:27,FB,328.17,724.0,sell,NASDAQ
tx_0009739,2025-06-13 09:36:27,MA,345.02,25.0,buy,NYSE
tx_0009806,2025-06-13 09:36:29,MSFT,297.74,890.0,buy,NASDAQ
tx_0006495,2025-06-13 09:36:34,NVDA,201.39,276.0,sell,NASDAQ
tx_0004138,2025-06-13 09:36:36,AAPL,149.44,321.0,buy,NASDAQ
tx_0008478,2025-06-13 09:36:37,MA,346.81,356.0,buy,NYSE
tx_0005236,2025-06-13 09:36:37,GOOGL,2776.16,854.0,buy,
tx_0001170,2025-06-13 09:36:40,DIS,182.62,788.0,sell,NYSE
tx_0008591,2025-06-13 09:36:44,BRK.B,279.97,149.0,buy,NYSE
tx_0007878,2025-06-13 09:36:45,GOOGL,2763.68,952.0,sell,NASDAQ
tx_0009846,2025-06-13 09:36:47,WMT,139.89,778.0,sell,NYSE
tx_0002017,2025-06-13 09:36:47,MSFT,303.97,470.0,sell,NASDAQ
tx_0005038,2025-06-13 09:36:49,MSFT,302.88,86.0,buy,NASDAQ
tx_0001666,2025-06-13 09:36:50,MCD,246.65,147.0,sell,NYSE
tx_0001977,2025-06-13 09:36:51,PEP,149.25,423.0,sell,NYSE
tx_0007382,2025-06-13 09:36:52,FB,327.94,773.0,sell,NASDAQ
tx_0000458,2025-06-13 09:36:53,KO,56.05,450.0,buy,NYSE
tx_0006266,2025-06-13 09:36:54,WMT,138.25,949.0,sell,NYSE
tx_0000694,2025-06-13 09:36:57,DIS,180.36,772.0,buy,NYSE
tx_0009287,2025-06-13 09:37:01,KO,56.29,944.0,sell,NYSE
tx_0002000,2025-06-13 09:37:04,MSFT,300.76,843.0,sell,NASDAQ
tx_0002830,2025-06-13 09:37:05,NFLX,501.85,683.0,sell,NASDAQ
tx_0006783,2025-06-13 09:37:06,TSLA,700.88,303.0,sell,NASDAQ
tx_0003474,2025-06-13 09:37:09,BRK.B,281.56,919.0,buy,NYSE
tx_0005682,2025-06-13 09:37:10,PG,139.74,874.0,buy,NYSE
tx_0006250,2025-06-13 09:37:11,AMZN,3476.49,770.0,buy,NASDAQ
tx_0008879,2025-06-13 09:37:12,MA,346.67,218.0,buy,NYSE
tx_0006722,2025-06-13 09:37:14,PG,137.63,403.0,buy,NYSE
tx_0009252,2025-06-13 09:37:15,JNJ,168.43,615.0,buy,NYSE
tx_0004416,2025-06-13 09:37:19,ADBE,606.66,275.0,buy,NASDAQ
tx_0002471,2025-06-13 09:37:23,PYPL,253.04,564.0,buy,NASDAQ
tx_0005483,2025-06-13 09:37:26,TSLA,690.18,819.0,sell,NASDAQ
tx_0004690,2025-06-13 09:37:27,PG,138.36,883.0,buy,NYSE
tx_0006274,2025-06-13 09:37:28,AAPL,150.47,19.0,sell,NASDAQ
tx_0008140,2025-06-13 09:37:32,MA,350.36,112.0,buy,NYSE
tx_0003758,2025-06-13 09:37:32,NFLX,501.96,903.0,sell,NASDAQ
tx_0007154,2025-06-13 09:37:33,DIS,181.99,,buy,NYSE
tx_0008564,2025-06-13 09:37:35,GOOGL,2788.11,582.0,sell,NASDAQ
tx_0004387,2025-06-13 09:37:35,PEP,150.08,793.0,sell,NYSE
tx_0006812,2025-06-13 09:37:40,PEP,148.98,617.0,sell,NYSE
tx_0001542,2025-06-13 09:37:42,MA,348.69,354.0,buy,NYSE
tx_0009238,2025-06-13 09:37:43,AMZN,3492.94,763.0,sell,NASDAQ
tx_0003779,2025-06-13 09:37:46,TSLA,694.06,447.0,buy,NASDAQ
tx_0004539,2025-06-13 09:37:48,TSLA,696.7,965.0,buy,NASDAQ
tx_0009220,2025-06-13 09:37:50,ADBE,608.75,108.0,buy,NASDAQ
tx_0008191,2025-06-13 09:37:56,PEP,150.83,32.0,sell,NYSE
tx_0002313,2025-06-13 09:37:57,JNJ,169.29,980.0,buy,NYSE
tx_0003427,2025-06-13 09:37:57,FB,329.59,149.0,sell,NASDAQ
tx_0000605,2025-06-13 09:37:58,V,221.01,144.0,sell,NYSE
tx_0009185,2025-06-13 09:38:02,NVDA,200.09,185.0,sell,NASDAQ
tx_0005133,2025-06-13 09:38:06,MCD,249.88,856.0,sell,NYSE
tx_0004821,2025-06-13 09:38:07,DIS,182.43,77.0,sell,NYSE
tx_0008177,2025-06-13 09:38:09,TSLA,694.14,900.0,buy,NASDAQ
tx_0004647,2025-06-13 09:38:10,NFLX,504.57,105.0,buy,NASDAQ
tx_0008700,2025-06-13 09:38:19,ADBE,616.61,222.0,sell,NASDAQ
tx_0005967,2025-06-13 09:38:21,NFLX,507.16,931.0,sell,NASDAQ
tx_0009286,2025-06-13 09:38:25,PYPL,253.83,444.0,sell,NASDAQ
tx_0007724,2025-06-13 09:38:25,GOOGL,2801.26,244.0,buy,NASDAQ
tx_0000162,2025-06-13 09:38:29,WMT,140.1,711.0,buy,NYSE
tx_0003141,2025-06-13 09:38:31,PYPL,255.7,604.0,sell,NASDAQ
tx_0003644,2025-06-13 09:38:33,MCD,249.66,986.0,sell,NYSE
tx_0007338,2025-06-13 09:38:34,FB,329.12,384.0,sell,NASDAQ
tx_0004818,2025-06-13 09:38:34,MCD,247.28,147.0,sell,NYSE
tx_0006927,2025-06-13 09:38:41,PYPL,251.6,383.0,sell,NASDAQ
tx_0000394,2025-06-13 09:38:45,NFLX,505.49,145.0,sell,NASDAQ
tx_0003100,2025-06-13 09:38:46,JNJ,168.22,312.0,sell,NYSE
tx_0009752,2025-06-13 09:38:47,DIS,180.03,228.0,sell,NYSE
tx_0002552,2025-06-13 09:38:51,TSLA,693.05,606.0,buy,NASDAQ
tx_0005292,2025-06-13 09:38:53,MCD,247.84,617.0,sell,NYSE
tx_0000551,2025-06-13 09:38:53,AMZN,3431.06,2.0,buy,NASDAQ
tx_0001768,2025-06-13 09:38:55,AAPL,150.44,583.0,buy,NASDAQ
tx_0005551,2025-06-13 09:38:56,GOOGL,2815.3,600.0,sell,NASDAQ
tx_0007188,2025-06-13 09:39:00,ADBE,607.62,988.0,sell,NASDAQ
tx_0003178,2025-06-13 09:39:02,NFLX,503.66,,buy,NASDAQ
tx_0007363,2025-06-13 09:39:04,PYPL,250.72,257.0,sell,NASDAQ
tx_0006320,2025-06-13 09:39:05,DIS,181.55,905.0,buy,NYSE
tx_0004599,2025-06-13 09:39:05,NVDA,201.03,,sell,NASDAQ
tx_0007340,2025-06-13 09:39:08,WMT,140.21,824.0,buy,NYSE
tx_0006570,2025-06-13 09:39:09,PG,138.79,997.0,sell,NYSE
tx_0006376,2025-06-13 09:39:14,AMZN,3433.35,506.0,sell,NASDAQ
tx_0001334,2025-06-13 09:39:15,TSLA,692.6,812.0,buy,NASDAQ
tx_0007941,2025-06-13 09:39:20,NFLX,497.24,553.0,sell,NASDAQ
tx_0003592,2025-06-13 09:39:21,MA,347.51,915.0,buy,NYSE
tx_0005956,2025-06-13 09:39:25,WMT,140.12,611.0,sell,NYSE
tx_0006356,2025-06-13 09:39:32,KO,56.21,438.0,sell,NYSE
tx_0009838,2025-06-13 09:39:34,V,217.92,530.0,sell,NYSE
tx_0003479,2025-06-13 09:39:35,ADBE,610.35,660.0,buy,NASDAQ
tx_0003917,2025-06-13 09:39:37,ADBE,603.21,234.0,sell,NASDAQ
tx_0003572,2025-06-13 09:39:38,V,220.78,719.0,sell,NYSE
tx_0000381,2025-06-13 09:39:38,NVDA,197.81,778.0,sell,NASDAQ
tx_0008190,2025-06-13 09:39:42,GOOGL,2806.08,622.0,sell,NASDAQ
tx_0004256,2025-06-13 09:39:45,AMZN,3508.14,456.0,buy,NASDAQ
tx_0009959,2025-06-13 09:39:54,AMZN,3468.89,707.0,buy,NASDAQ
tx_0008470,2025-06-13 09:39:54,GOOGL,2793.19,872.0,buy,NASDAQ
tx_0003622,2025-06-13 09:39:56,GOOGL,2831.12,267.0,buy,NASDAQ
tx_0004891,2025-06-13 09:39:58,JNJ,167.22,22.0,buy,NYSE
tx_0001618,2025-06-13 09:39:58,MA,349.53,750.0,sell,
tx_0003881,2025-06-13 09:39:59,AMZN,3449.45,576.0,sell,NASDAQ
tx_0008822,2025-06-13 09:40:04,DIS,178.47,24.0,sell,NYSE
tx_0003259,2025-06-13 09:40:04,DIS,179.19,366.0,buy,NYSE
tx_0006262,2025-06-13 09:40:05,V,219.25,765.0,sell,NYSE
tx_0009729,2025-06-13 09:40:08,ADBE,610.85,642.0,sell,NASDAQ
tx_0000781,2025-06-13 09:40:14,FB,329.01,698.0,buy,NASDAQ
tx_0007579,2025-06-13 09:40:16,MA,350.9,607.0,sell,NYSE
tx_0000599,2025-06-13 09:40:17,PEP,151.39,203.0,buy,NYSE
tx_0001661,2025-06-13 09:40:20,V,221.56,430.0,sell,NYSE
tx_0003461,2025-06-13 09:40:21,JNJ,169.33,657.0,sell,NYSE
tx_0006439,2025-06-13 09:40:23,AAPL,150.43,491.0,sell,NASDAQ
tx_0002589,2025-06-13 09:40:25,MA,351.02,562.0,buy,NYSE
tx_0008812,2025-06-13 09:40:26,AAPL,152.13,283.0,buy,NASDAQ
tx_0004169,2025-06-13 09:40:27,AMZN,3508.11,983.0,buy,NASDAQ
tx_0003807,2025-06-13 09:40:30,NFLX,501.75,496.0,sell,NASDAQ
tx_0004845,2025-06-13 09:40:33,JNJ,167.64,288.0,sell,NYSE
tx_0009280,2025-06-13 09:40:34,AAPL,149.96,14.0,buy,NASDAQ
tx_0002262,2025-06-13 09:40:34,DIS,179.71,208.0,sell,NYSE
tx_0004495,2025-06-13 09:40:35,DIS,179.11,799.0,sell,NYSE
tx_0006324,2025-06-13 09:40:38,AAPL,149.3,495.0,sell,NASDAQ
tx_0002604,2025-06-13 09:40:38,FB,324.48,634.0,buy,NASDAQ
tx_0005465,2025-06-13 09:40:41,MCD,250.15,679.0,buy,NYSE
tx_0004827,2025-06-13 09:40:46,MSFT,301.86,570.0,sell,NASDAQ
tx_0001879,2025-06-13 09:40:47,WMT,138.34,434.0,sell,NYSE
tx_0005224,2025-06-13 09:40:52,ADBE,608.73,331.0,buy,NASDAQ
tx_0002509,2025-06-13 09:40:52,BRK.B,277.67,925.0,,NYSE
tx_0005089,2025-06-13 09:40:53,GOOGL,2820.16,310.0,buy,NASDAQ
tx_0002261,2025-06-13 09:40:53,MCD,248.82,291.0,sell,NYSE
tx_0008922,2025-06-13 09:40:58,GOOGL,2810.27,484.0,buy,NASDAQ
tx_0007177,2025-06-13 09:41:01,MSFT,298.34,796.0,buy,NASDAQ
tx_0006364,2025-06-13 09:41:04,PG,137.62,34.0,buy,NYSE
tx_0008667,2025-06-13 09:41:08,MCD,248.04,390.0,buy,NYSE
tx_0007045,2025-06-13 09:41:08,FB,324.78,11.0,buy,NASDAQ
tx_0002256,2025-06-13 09:41:09,PYPL,249.96,828.0,buy,NASDAQ
tx_0002773,2025-06-13 09:41:10,PEP,152.29,135.0,buy,NYSE
tx_0007554,2025-06-13 09:41:22,JNJ,167.49,968.0,buy,
tx_0009562,2025-06-13 09:41:23,NFLX,495.56,159.0,buy,NASDAQ
tx_0000272,2025-06-13 09:41:25,V,218.41,543.0,sell,NYSE
tx_0005658,2025-06-13 09:41:29,DIS,178.56,68.0,sell,NYSE
tx_0001747,2025-06-13 09:41:29,TSLA,688.61,448.0,sell,NASDAQ
tx_0002336,2025-06-13 09:41:29,KO,55.18,744.0,buy,NYSE
tx_0002779,2025-06-13 09:41:30,PG,137.84,148.0,sell,NYSE
tx_0000399,2025-06-13 09:41:35,GOOGL,2795.25,74.0,sell,NASDAQ
tx_0003983,2025-06-13 09:41:41,JNJ,168.45,106.0,sell,NYSE
tx_0001519,2025-06-13 09:41:43,WMT,138.39,422.0,sell,NYSE
tx_0007297,2025-06-13 09:41:49,GOOGL,2792.03,825.0,sell,NASDAQ
tx_0009811,2025-06-13 09:41:52,AAPL,151.25,918.0,sell,NASDAQ
tx_0007414,2025-06-13 09:41:53,MCD,247.44,865.0,sell,NYSE
tx_0006795,2025-06-13 09:41:54,DIS,179.74,901.0,buy,NYSE
tx_0005496,2025-06-13 09:41:56,JNJ,168.33,350.0,sell,NYSE
tx_0002320,2025-06-13 09:41:59,BRK.B,275.82,592.0,sell,NYSE
tx_0003802,2025-06-13 09:42:04,JNJ,169.25,22.0,buy,NYSE
tx_0001761,2025-06-13 09:42:07,JNJ,168.13,907.0,buy,NYSE
tx_0006284,2025-06-13 09:42:10,NFLX,502.67,729.0,sell,NASDAQ
tx_0008885,2025-06-13 09:42:10,PG,138.12,263.0,buy,NYSE
tx_0004544,2025-06-13 09:42:26,WMT,140.66,253.0,sell,NYSE
tx_0007577,2025-06-13 09:42:30,AAPL,149.44,938.0,sell,NASDAQ
tx_0008687,2025-06-13 09:42:34,AMZN,3484.36,404.0,sell,NASDAQ
tx_0007745,2025-06-13 09:42:36,KO,55.68,571.0,buy,NYSE
tx_0005994,2025-06-13 09:42:36,BRK.B,276.15,37.0,buy,NYSE
tx_0002110,2025-06-13 09:42:38,NFLX,502.3,551.0,buy,NASDAQ
tx_0000121,2025-06-13 09:42:41,MCD,247.59,843.0,sell,NYSE
tx_0001299,2025-06-13 09:42:44,FB,327.82,568.0,buy,NASDAQ
tx_0009513,2025-06-13 09:42:49,AMZN,3470.65,185.0,sell,NASDAQ
tx_0003157,2025-06-13 09:42:51,PEP,149.15,332.0,sell,NYSE
tx_0007165,2025-06-13 09:42:53,MA,346.53,283.0,sell,NYSE
tx_0004875,2025-06-13 09:42:56,NVDA,196.64,9.0,sell,NASDAQ
tx_0004438,2025-06-13 09:42:59,V,219.6,655.0,sell,NYSE
tx_0001858,2025-06-13 09:43:00,MA,342.84,1000.0,buy,NYSE
tx_0004646,2025-06-13 09:43:01,ADBE,611.92,145.0,sell,NASDAQ
tx_0009148,2025-06-13 09:43:02,NVDA,195.03,651.0,sell,NASDAQ
tx_0005028,2025-06-13 09:43:05,MCD,247.07,302.0,buy,NYSE
tx_0008574,2025-06-13 09:43:05,AMZN,3439.17,347.0,buy,NASDAQ
tx_0004814,2025-06-13 09:43:07,MSFT,298.16,815.0,buy,NASDAQ
tx_0002220,2025-06-13 09:43:09,PYPL,252.71,386.0,buy,NASDAQ
tx_0007842,2025-06-13 09:43:10,DIS,181.36,916.0,sell,NYSE
tx_0009207,2025-06-13 09:43:15,TSLA,698.85,526.0,buy,NASDAQ
tx_0005376,2025-06-13 09:43:16,NVDA,198.57,842.0,sell,NASDAQ
tx_0003815,2025-06-13 09:43:17,DIS,178.9,294.0,buy,NYSE
tx_0008559,2025-06-13 09:43:17,KO,55.81,250.0,buy,NYSE
tx_0005977,2025-06-13 09:43:18,PEP,149.74,774.0,sell,NYSE
tx_0004048,2025-06-13 09:43:18,MCD,248.78,798.0,sell,NYSE
tx_0008266,2025-06-13 09:43:30,PYPL,250.49,56.0,buy,NASDAQ
tx_0003520,2025-06-13 09:43:32,ADBE,603.94,51.0,sell,NASDAQ
tx_0003356,2025-06-13 09:43:33,PYPL,250.82,317.0,buy,NASDAQ
tx_0004312,2025-06-13 09:43:34,ADBE,604.01,74.0,sell,NASDAQ
tx_0001923,2025-06-13 09:43:35,PYPL,249.33,919.0,sell,NASDAQ
tx_0004820,2025-06-13 09:43:39,FB,327.12,614.0,buy,NASDAQ
tx_0009998,2025-06-13 09:43:40,V,220.08,289.0,buy,NYSE
tx_0005374,2025-06-13 09:43:40,BRK.B,279.31,988.0,buy,NYSE
tx_0006252,2025-06-13 09:43:41,JNJ,168.65,809.0,sell,NYSE
tx_0007476,2025-06-13 09:43:41,KO,54.73,109.0,sell,NYSE
tx_0008295,2025-06-13 09:43:42,PYPL,248.53,936.0,buy,NASDAQ
tx_0004164,2025-06-13 09:43:47,TSLA,694.54,388.0,sell,NASDAQ
tx_0008573,2025-06-13 09:43:49,NVDA,195.19,240.0,buy,NASDAQ
tx_0009520,2025-06-13 09:43:51,TSLA,689.16,614.0,sell,NASDAQ
tx_0009077,2025-06-13 09:43:52,BRK.B,280.47,371.0,sell,NYSE
tx_0007557,2025-06-13 09:43:55,DIS,179.02,558.0,sell,NYSE
tx_0000976,2025-06-13 09:43:57,PYPL,252.95,789.0,buy,NASDAQ
tx_0007102,2025-06-13 09:43:58,PEP,150.87,164.0,buy,NYSE
tx_0002215,2025-06-13 09:44:03,WMT,139.27,161.0,buy,NYSE
tx_0002240,2025-06-13 09:44:04,JNJ,167.08,898.0,sell,NYSE
tx_0008100,2025-06-13 09:44:08,WMT,138.7,540.0,buy,NYSE
tx_0008368,2025-06-13 09:44:10,GOOGL,2812.82,181.0,buy,NASDAQ
tx_0009003,2025-06-13 09:44:11,DIS,181.02,870.0,sell,NYSE
tx_0005711,2025-06-13 09:44:12,PG,140.12,816.0,sell,NYSE
tx_0001378,2025-06-13 09:44:19,AAPL,148.42,126.0,buy,NASDAQ
tx_0000598,2025-06-13 09:44:25,AAPL,149.18,858.0,sell,NASDAQ
tx_0000313,2025-06-13 09:44:26,PG,138.6,638.0,sell,NYSE
tx_0002548,2025-06-13 09:44:26,BRK.B,279.54,299.0,buy,NYSE
tx_0003394,2025-06-13 09:44:28,PYPL,250.02,923.0,sell,NASDAQ
tx_0000650,2025-06-13 09:44:32,MCD,247.68,869.0,buy,NYSE
tx_0005352,2025-06-13 09:44:32,ADBE,601.44,812.0,sell,NASDAQ
tx_0006401,2025-06-13 09:44:35,JNJ,167.37,474.0,sell,NYSE
tx_0000595,2025-06-13 09:44:35,NFLX,501.29,636.0,buy,NASDAQ
tx_0004566,2025-06-13 09:44:36,KO,55.2,643.0,buy,NYSE
tx_0006209,2025-06-13 09:44:40,JNJ,167.19,905.0,sell,NYSE
tx_0001207,2025-06-13 09:44:40,TSLA,703.96,2.0,buy,NASDAQ
tx_0005776,2025-06-13 09:44:47,AAPL,149.19,363.0,sell,NASDAQ
tx_0007028,2025-06-13 09:44:52,WMT,139.49,235.0,buy,NYSE
tx_0008148,2025-06-13 09:44:54,MSFT,298.66,584.0,buy,NASDAQ
tx_0005570,2025-06-13 09:45:00,BRK.B,280.19,619.0,buy,NYSE
tx_0008959,2025-06-13 09:45:06,BRK.B,275.98,125.0,sell,NYSE
tx_0003942,2025-06-13 09:45:06,PEP,152.21,718.0,sell,NYSE
tx_0004249,2025-06-13 09:45:10,PG,139.23,812.0,buy,NYSE
tx_0002579,2025-06-13 09:45:16,MA,344.01,542.0,sell,NYSE
tx_0002951,2025-06-13 09:45:16,KO,55.4,500.0,buy,NYSE
tx_0008234,2025-06-13 09:45:32,MSFT,294.99,25.0,sell,NASDAQ
tx_0002118,2025-06-13 09:45:36,NVDA,195.57,482.0,sell,NASDAQ
tx_0008709,2025-06-13 09:45:37,PEP,150.67,272.0,sell,NYSE
tx_0006236,2025-06-13 09:45:37,NFLX,504.98,536.0,buy,NASDAQ
tx_0009325,2025-06-13 09:45:39,PYPL,251.37,569.0,sell,NASDAQ
tx_0003042,2025-06-13 09:45:43,V,217.9,845.0,buy,NYSE
tx_0007626,2025-06-13 09:45:44,MSFT,296.93,536.0,sell,NASDAQ
tx_0002372,2025-06-13 09:45:44,TSLA,704.54,15.0,sell,NASDAQ
tx_0000681,2025-06-13 09:45:44,MA,346.68,923.0,sell,NYSE
tx_0003388,2025-06-13 09:45:44,V,218.85,512.0,buy,NYSE
tx_0009700,2025-06-13 09:45:46,PG,139.34,40.0,sell,NYSE
tx_0007678,2025-06-13 09:45:46,NVDA,197.77,607.0,sell,NASDAQ
tx_0008694,2025-06-13 09:45:46,TSLA,696.45,3.0,sell,NASDAQ
tx_0005138,2025-06-13 09:45:48,NVDA,196.86,342.0,sell,NASDAQ
tx_0003548,2025-06-13 09:45:51,MA,345.88,304.0,buy,NYSE
tx_0008740,2025-06-13 09:45:53,AAPL,148.0,809.0,buy,NASDAQ
tx_0000470,2025-06-13 09:45:54,PYPL,247.9,264.0,buy,NASDAQ
tx_0006445,2025-06-13 09:45:58,PEP,150.1,390.0,sell,NYSE
tx_0007994,2025-06-13 09:45:59,AAPL,147.51,380.0,sell,NASDAQ
tx_0009381,2025-06-13 09:45:59,PYPL,247.5,738.0,buy,NASDAQ
tx_0008107,2025-06-13 09:46:02,NVDA,194.39,600.0,sell,NASDAQ
tx_0009830,2025-06-13 09:46:04,V,219.87,28.0,buy,NYSE
tx_0003897,2025-06-13 09:46:05,AMZN,3525.6,933.0,sell,NASDAQ
tx_0007885,2025-06-13 09:46:06,V,217.51,309.0,buy,NYSE
tx_0000899,2025-06-13 09:46:09,NVDA,196.86,656.0,buy,NASDAQ
tx_0007239,2025-06-13 09:46:13,PEP,152.5,605.0,sell,NYSE
tx_0007894,2025-06-13 09:46:17,GOOGL,2796.73,20.0,sell,NASDAQ
tx_0002032,2025-06-13 09:46:20,MCD,246.44,641.0,buy,NYSE
tx_0006535,2025-06-13 09:46:21,PYPL,248.56,245.0,sell,NASDAQ
tx_0000126,2025-06-13 09:46:28,PEP,151.94,767.0,sell,NYSE
tx_0005860,2025-06-13 09:46:30,NVDA,197.69,701.0,buy,NASDAQ
tx_0002889,2025-06-13 09:46:43,ADBE,611.47,392.0,buy,NASDAQ
tx_0000696,2025-06-13 09:46:44,ADBE,604.1,880.0,sell,NASDAQ
tx_0004337,2025-06-13 09:46:46,FB,328.09,853.0,sell,NASDAQ
tx_0004876,2025-06-13 09:46:51,PYPL,248.62,618.0,sell,NASDAQ
tx_0000418,2025-06-13 09:46:53,V,218.22,629.0,buy,NYSE
tx_0005867,2025-06-13 09:46:58,PEP,152.26,471.0,buy,NYSE
tx_0000089,2025-06-13 09:47:02,WMT,140.08,412.0,buy,NYSE
tx_0006771,2025-06-13 09:47:03,PYPL,253.3,736.0,buy,NASDAQ
tx_0007149,2025-06-13 09:47:07,PYPL,249.74,66.0,buy,NASDAQ
tx_0000208,2025-06-13 09:47:10,MA,347.39,280.0,sell,NYSE
tx_0006082,2025-06-13 09:47:11,PEP,152.31,435.0,buy,NYSE
tx_0007038,2025-06-13 09:47:12,ADBE,607.55,44.0,buy,NASDAQ
tx_0006459,2025-06-13 09:47:14,JNJ,169.37,267.0,sell,NYSE
tx_0005642,2025-06-13 09:47:17,KO,55.86,107.0,buy,NYSE
tx_0004395,2025-06-13 09:47:25,MCD,246.74,362.0,sell,NYSE
tx_0000041,2025-06-13 09:47:27,DIS,179.3,102.0,sell,NYSE
tx_0008133,2025-06-13 09:47:28,MSFT,295.84,410.0,buy,NASDAQ
tx_0003579,2025-06-13 09:47:32,NFLX,502.37,878.0,buy,NASDAQ
tx_0001669,2025-06-13 09:47:32,PEP,150.06,222.0,buy,NYSE
tx_0004758,2025-06-13 09:47:35,KO,55.51,126.0,buy,NYSE
tx_0002139,2025-06-13 09:47:38,GOOGL,2787.02,549.0,buy,NASDAQ
tx_0008981,2025-06-13 09:47:39,NVDA,196.01,949.0,buy,NASDAQ
tx_0000282,2025-06-13 09:47:41,MA,346.78,140.0,buy,NYSE
tx_0002690,2025-06-13 09:47:46,TSLA,696.72,693.0,buy,NASDAQ
tx_0001564,2025-06-13 09:47:49,BRK.B,280.15,60.0,buy,NYSE
tx_0001222,2025-06-13 09:47:53,AAPL,148.93,858.0,buy,NASDAQ
tx_0002619,2025-06-13 09:47:57,PG,138.46,229.0,buy,NYSE
tx_0005725,2025-06-13 09:47:57,KO,54.75,211.0,buy,NYSE
tx_0001048,2025-06-13 09:47:58,BRK.B,279.79,558.0,sell,NYSE
tx_0002250,2025-06-13 09:47:59,AAPL,148.62,541.0,sell,NASDAQ
tx_0002863,2025-06-13 09:48:00,BRK.B,278.65,320.0,sell,NYSE
tx_0008474,2025-06-13 09:48:01,WMT,140.49,287.0,sell,NYSE
tx_0006686,2025-06-13 09:48:03,MCD,246.91,133.0,sell,NYSE
tx_0006875,2025-06-13 09:48:06,ADBE,606.79,774.0,sell,NASDAQ
tx_0001986,2025-06-13 09:48:07,WMT,140.58,958.0,sell,NYSE
tx_0009999,2025-06-13 09:48:11,MSFT,294.15,206.0,buy,NASDAQ
tx_0009230,2025-06-13 09:48:13,PEP,152.91,490.0,buy,NYSE
tx_0005964,2025-06-13 09:48:13,AMZN,3482.05,316.0,sell,NASDAQ
tx_0002926,2025-06-13 09:48:14,MSFT,295.49,892.0,sell,NASDAQ
tx_0006835,2025-06-13 09:48:17,MCD,248.16,73.0,sell,NYSE
tx_0007905,2025-06-13 09:48:19,AMZN,3518.43,382.0,sell,NASDAQ
tx_0007570,2025-06-13 09:48:21,ADBE,604.19,235.0,sell,NASDAQ
tx_0009213,2025-06-13 09:48:24,V,221.04,747.0,sell,NYSE
tx_0004082,2025-06-13 09:48:28,NFLX,504.99,616.0,buy,NASDAQ
tx_0003119,2025-06-13 09:48:30,GOOGL,2784.34,950.0,sell,NASDAQ
tx_0001815,2025-06-13 09:48:32,AMZN,3489.49,260.0,sell,NASDAQ
tx_0006748,2025-06-13 09:48:33,PG,137.24,694.0,buy,NYSE
tx_0001437,2025-06-13 09:48:33,V,219.89,86.0,buy,NYSE
tx_0009491,2025-06-13 09:48:34,FB,331.98,945.0,sell,NASDAQ
tx_0007087,2025-06-13 09:48:39,KO,55.12,451.0,buy,NYSE
tx_0006852,2025-06-13 09:48:39,JNJ,167.79,630.0,buy,NYSE
tx_0001912,2025-06-13 09:48:39,MSFT,299.8,292.0,sell,NASDAQ
tx_0006760,2025-06-13 09:48:41,NFLX,498.9,992.0,buy,NASDAQ
tx_0008437,2025-06-13 09:48:42,FB,329.77,664.0,buy,NASDAQ
tx_0000357,2025-06-13 09:48:46,DIS,182.26,647.0,sell,NYSE
tx_0003331,2025-06-13 09:48:47,DIS,181.09,427.0,buy,NYSE
tx_0005623,2025-06-13 09:48:57,MA,343.43,291.0,buy,NYSE
tx_0006490,2025-06-13 09:48:58,GOOGL,2767.6,126.0,sell,NASDAQ
tx_0002594,2025-06-13 09:49:01,JNJ,167.73,172.0,sell,NYSE
tx_0000608,2025-06-13 09:49:02,AAPL,150.22,887.0,sell,NASDAQ
tx_0007610,2025-06-13 09:49:03,KO,55.19,507.0,buy,NYSE
tx_0003519,2025-06-13 09:49:03,PYPL,252.56,432.0,buy,NASDAQ
tx_0004726,2025-06-13 09:49:05,JNJ,168.15,308.0,buy,NYSE
tx_0008210,2025-06-13 09:49:07,ADBE,605.78,498.0,sell,NASDAQ
tx_0004285,2025-06-13 09:49:07,TSLA,699.75,818.0,buy,NASDAQ
tx_0008511,2025-06-13 09:49:09,MA,346.19,608.0,sell,NYSE
tx_0002368,2025-06-13 09:49:17,PEP,151.57,359.0,buy,NYSE
tx_0004139,2025-06-13 09:49:22,MSFT,299.46,373.0,buy,NASDAQ
tx_0002993,2025-06-13 09:49:23,NFLX,500.88,41.0,buy,NASDAQ
tx_0004389,2025-06-13 09:49:29,MCD,246.3,488.0,buy,NYSE
tx_0006157,2025-06-13 09:49:30,WMT,140.91,316.0,sell,NYSE
tx_0003134,2025-06-13 09:49:34,NFLX,499.41,471.0,buy,NASDAQ
tx_0006684,2025-06-13 09:49:38,NVDA,198.15,489.0,buy,NASDAQ
tx_0002644,2025-06-13 09:49:41,MA,346.82,267.0,sell,NYSE
tx_0000397,2025-06-13 09:49:41,PYPL,252.12,750.0,sell,NASDAQ
tx_0002794,2025-06-13 09:49:43,AMZN,3497.37,668.0,sell,NASDAQ
tx_0008876,2025-06-13 09:49:45,DIS,181.99,293.0,buy,NYSE
tx_0008383,2025-06-13 09:49:48,MSFT,294.44,464.0,buy,NASDAQ
tx_0003296,2025-06-13 09:49:48,NFLX,497.32,75.0,buy,NASDAQ
tx_0008670,2025-06-13 09:49:54,DIS,181.31,904.0,sell,NYSE
tx_0006095,2025-06-13 09:50:02,NVDA,198.01,763.0,sell,NASDAQ
tx_0000579,2025-06-13 09:50:04,GOOGL,2797.39,498.0,sell,NASDAQ
tx_0004297,2025-06-13 09:50:07,ADBE,602.73,986.0,buy,NASDAQ
tx_0007871,2025-06-13 09:50:08,NVDA,197.71,916.0,buy,NASDAQ
tx_0009289,2025-06-13 09:50:09,PEP,152.39,879.0,buy,NYSE
tx_0008303,2025-06-13 09:50:10,AAPL,148.34,125.0,sell,NASDAQ
tx_0002292,2025-06-13 09:50:12,WMT,140.75,407.0,sell,NYSE
tx_0000853,2025-06-13 09:50:13,NFLX,497.91,369.0,buy,NASDAQ
tx_0000663,2025-06-13 09:50:16,AMZN,3473.58,987.0,sell,NASDAQ
tx_0001645,2025-06-13 09:50:17,MSFT,296.77,309.0,buy,NASDAQ
tx_0007057,2025-06-13 09:50:19,NVDA,197.48,861.0,buy,NASDAQ
tx_0000209,2025-06-13 09:50:19,TSLA,701.82,269.0,buy,NASDAQ
tx_0005876,2025-06-13 09:50:20,NFLX,500.99,688.0,sell,NASDAQ
tx_0000233,2025-06-13 09:50:22,MCD,246.81,920.0,buy,NYSE
tx_0002541,2025-06-13 09:50:22,FB,332.94,722.0,buy,NASDAQ
tx_0004447,2025-06-13 09:50:24,FB,329.62,127.0,buy,NASDAQ
tx_0000360,2025-06-13 09:50:25,WMT,142.2,842.0,buy,NYSE
tx_0003445,2025-06-13 09:50:26,MCD,247.54,716.0,sell,NYSE
tx_0004582,2025-06-13 09:50:27,PG,137.5,864.0,buy,NYSE
tx_0009900,2025-06-13 09:50:28,BRK.B,279.71,374.0,sell,NYSE
tx_0003966,2025-06-13 09:50:30,NVDA,197.28,714.0,buy,NASDAQ
tx_0007002,2025-06-13 09:50:31,MCD,245.06,524.0,sell,NYSE
tx_0002260,2025-06-13 09:50:32,PEP,152.65,398.0,buy,NYSE
tx_0007096,2025-06-13 09:50:37,MCD,245.48,509.0,sell,NYSE
tx_0006493,2025-06-13 09:50:37,MCD,247.44,831.0,sell,NYSE
tx_0006842,2025-06-13 09:50:44,ADBE,602.5,786.0,buy,NASDAQ
tx_0007046,2025-06-13 09:50:49,TSLA,692.79,98.0,sell,NASDAQ
tx_0001274,2025-06-13 09:50:49,MSFT,296.26,444.0,sell,NASDAQ
tx_0009228,2025-06-13 09:50:52,V,219.01,296.0,sell,NYSE
tx_0006649,2025-06-13 09:50:54,AAPL,150.1,421.0,buy,NASDAQ
tx_0009861,2025-06-13 09:50:54,JNJ,167.04,38.0,sell,NYSE
tx_0000946,2025-06-13 09:50:55,PYPL,250.75,429.0,sell,NASDAQ
tx_0007939,2025-06-13 09:50:55,BRK.B,278.13,635.0,buy,NYSE
tx_0000845,2025-06-13 09:50:56,NFLX,501.01,350.0,buy,NASDAQ
tx_0006377,2025-06-13 09:50:57,TSLA,706.36,309.0,sell,NASDAQ
tx_0006426,2025-06-13 09:50:57,AMZN,3519.43,535.0,sell,NASDAQ
tx_0002662,2025-06-13 09:50:57,FB,331.98,768.0,sell,NASDAQ
tx_0009477,2025-06-13 09:50:59,FB,327.02,749.0,buy,NASDAQ
tx_0005748,2025-06-13 09:50:59,PYPL,251.29,351.0,buy,NASDAQ
tx_0002767,2025-06-13 09:50:59,KO,55.21,993.0,sell,NYSE
tx_0001553,2025-06-13 09:50:59,WMT,141.51,421.0,sell,NYSE
tx_0009180,2025-06-13 09:51:01,MA,345.41,466.0,buy,NYSE
tx_0008336,2025-06-13 09:51:09,ADBE,598.7,582.0,sell,NASDAQ
tx_0000693,2025-06-13 09:51:09,TSLA,699.1,804.0,buy,NASDAQ
tx_0004648,2025-06-13 09:51:13,DIS,181.46,416.0,buy,NYSE
tx_0005310,2025-06-13 09:51:15,MSFT,294.26,554.0,buy,NASDAQ
tx_0001327,2025-06-13 09:51:15,MCD,247.8,25.0,buy,NYSE
tx_0005631,2025-06-13 09:51:16,BRK.B,278.99,225.0,buy,NYSE
tx_0008548,2025-06-13 09:51:16,WMT,140.65,678.0,sell,NYSE
tx_0008081,2025-06-13 09:51:18,TSLA,706.05,370.0,,NASDAQ
tx_0003202,2025-06-13 09:51:19,NVDA,196.72,409.0,sell,NASDAQ
tx_0009456,2025-06-13 09:51:23,KO,54.35,878.0,buy,NYSE
tx_0001938,2025-06-13 09:51:24,AMZN,3485.87,634.0,buy,NASDAQ
tx_0008754,2025-06-13 09:51:29,DIS,181.02,107.0,buy,NYSE
tx_0006695,2025-06-13 09:51:30,WMT,139.81,819.0,buy,NYSE
tx_0004587,2025-06-13 09:51:30,PEP,153.02,535.0,sell,NYSE
tx_0001789,2025-06-13 09:51:32,NVDA,196.62,865.0,buy,NASDAQ
tx_0008359,2025-06-13 09:51:34,BRK.B,279.34,182.0,buy,NYSE
tx_0000375,2025-06-13 09:51:38,MSFT,295.2,956.0,sell,NASDAQ
tx_0007469,2025-06-13 09:51:42,AMZN,3504.7,285.0,buy,NASDAQ
tx_0006821,2025-06-13 09:51:48,AMZN,3507.53,330.0,buy,NASDAQ
tx_0005934,2025-06-13 09:51:55,MSFT,293.49,384.0,sell,NASDAQ
tx_0001276,2025-06-13 09:51:56,MA,350.97,996.0,buy,NYSE
tx_0005881,2025-06-13 09:51:58,KO,54.46,682.0,buy,NYSE
tx_0001697,2025-06-13 09:51:59,FB,329.36,163.0,buy,NASDAQ
tx_0006747,2025-06-13 09:52:00,V,222.07,172.0,buy,NYSE
tx_0001433,2025-06-13 09:52:00,MSFT,296.01,272.0,buy,NASDAQ
tx_0009956,2025-06-13 09:52:03,WMT,140.89,480.0,sell,NYSE
tx_0006575,2025-06-13 09:52:05,GOOGL,2779.96,608.0,buy,NASDAQ
tx_0004024,2025-06-13 09:52:06,NVDA,197.12,189.0,,NASDAQ
tx_0003155,2025-06-13 09:52:08,BRK.B,277.75,789.0,buy,NYSE
tx_0006325,2025-06-13 09:52:09,PG,138.25,717.0,sell,NYSE
tx_0005194,2025-06-13 09:52:14,KO,54.71,578.0,buy,NYSE
tx_0006940,2025-06-13 09:52:14,BRK.B,278.09,194.0,sell,NYSE
tx_0000852,2025-06-13 09:52:16,GOOGL,2779.07,186.0,buy,NASDAQ
tx_0003261,2025-06-13 09:52:16,GOOGL,2805.38,683.0,sell,NASDAQ
tx_0009013,2025-06-13 09:52:18,PYPL,249.46,996.0,buy,NASDAQ
tx_0005488,2025-06-13 09:52:19,PEP,152.05,965.0,buy,NYSE
tx_0002276,2025-06-13 09:52:26,AMZN,3521.37,856.0,sell,NASDAQ
tx_0005541,2025-06-13 09:52:30,NFLX,496.96,811.0,sell,NASDAQ
tx_0009991,2025-06-13 09:52:31,JNJ,167.89,662.0,buy,NYSE
tx_0002571,2025-06-13 09:52:31,JNJ,170.23,348.0,sell,NYSE
tx_0006278,2025-06-13 09:52:42,BRK.B,280.37,220.0,sell,NYSE
tx_0006395,2025-06-13 09:52:43,NVDA,195.33,135.0,sell,NASDAQ
tx_0006793,2025-06-13 09:52:45,NFLX,496.39,439.0,sell,NASDAQ
tx_0005298,2025-06-13 09:52:55,TSLA,702.92,102.0,sell,NASDAQ
tx_0006481,2025-06-13 09:52:58,AMZN,3508.56,449.0,sell,NASDAQ
tx_0002005,2025-06-13 09:53:00,MSFT,295.13,714.0,buy,NASDAQ
tx_0003913,2025-06-13 09:53:01,PG,139.59,977.0,sell,NYSE
tx_0001804,2025-06-13 09:53:02,MA,345.46,256.0,sell,NYSE
tx_0006078,2025-06-13 09:53:07,AAPL,152.64,383.0,sell,NASDAQ
tx_0007555,2025-06-13 09:53:08,AAPL,151.53,158.0,buy,NASDAQ
tx_0007694,2025-06-13 09:53:08,PYPL,252.02,134.0,buy,NASDAQ
tx_0008686,2025-06-13 09:53:10,NVDA,196.21,891.0,buy,NASDAQ
tx_0006942,2025-06-13 09:53:11,PEP,152.08,445.0,sell,NYSE
tx_0001388,2025-06-13 09:53:20,AMZN,3531.91,826.0,sell,NASDAQ
tx_0005110,2025-06-13 09:53:21,PG,138.72,963.0,buy,NYSE
tx_0000347,2025-06-13 09:53:22,NFLX,498.83,894.0,sell,NASDAQ
tx_0008863,2025-06-13 09:53:22,NFLX,497.6,674.0,buy,NASDAQ
tx_0000735,2025-06-13 09:53:23,V,220.91,688.0,buy,NYSE
tx_0005991,2025-06-13 09:53:25,V,220.89,735.0,buy,NYSE
tx_0008730,2025-06-13 09:53:26,NFLX,495.12,753.0,buy,NASDAQ
tx_0002523,2025-06-13 09:53:29,WMT,139.36,300.0,buy,NYSE
tx_0003630,2025-06-13 09:53:30,JNJ,170.08,721.0,buy,NYSE
tx_0008757,2025-06-13 09:53:32,AMZN,3501.57,850.0,buy,NASDAQ
tx_0004844,2025-06-13 09:53:32,FB,329.85,939.0,sell,NASDAQ
tx_0003747,2025-06-13 09:53:34,AAPL,151.14,518.0,sell,NASDAQ
tx_0005689,2025-06-13 09:53:35,GOOGL,2786.33,85.0,sell,NASDAQ
tx_0005295,2025-06-13 09:53:38,NVDA,195.57,783.0,buy,NASDAQ
tx_0006073,2025-06-13 09:53:48,AAPL,150.69,589.0,buy,NASDAQ
tx_0009685,2025-06-13 09:53:48,PEP,152.86,404.0,buy,NYSE
tx_0005389,2025-06-13 09:53:52,WMT,140.4,736.0,sell,NYSE
tx_0008849,2025-06-13 09:53:56,ADBE,602.34,445.0,sell,NASDAQ
tx_0006491,2025-06-13 09:54:06,NVDA,197.91,650.0,buy,NASDAQ
tx_0004160,2025-06-13 09:54:07,PG,137.37,442.0,buy,NYSE
tx_0002538,2025-06-13 09:54:08,ADBE,606.63,119.0,sell,NASDAQ
tx_0006101,2025-06-13 09:54:08,PEP,153.18,448.0,buy,NYSE
tx_0007980,2025-06-13 09:54:12,NVDA,195.56,59.0,sell,NASDAQ
tx_0005586,2025-06-13 09:54:15,MA,346.45,967.0,buy,NYSE
tx_0005933,2025-06-13 09:54:17,KO,55.64,293.0,buy,NYSE
tx_0008242,2025-06-13 09:54:18,NFLX,493.66,196.0,sell,NASDAQ
tx_0005066,2025-06-13 09:54:20,ADBE,603.8,903.0,buy,NASDAQ
tx_0009708,2025-06-13 09:54:20,TSLA,705.02,483.0,sell,NASDAQ
tx_0007509,2025-06-13 09:54:22,FB,330.44,493.0,sell,NASDAQ
tx_0002563,2025-06-13 09:54:24,JNJ,169.66,556.0,sell,NYSE
tx_0009993,2025-06-13 09:54:24,V,220.62,785.0,sell,NYSE
tx_0004016,2025-06-13 09:54:27,AMZN,3502.23,785.0,buy,NASDAQ
tx_0000745,2025-06-13 09:54:30,WMT,140.21,397.0,sell,NYSE
tx_0007721,2025-06-13 09:54:33,MSFT,294.75,880.0,buy,NASDAQ
tx_0009024,2025-06-13 09:54:38,WMT,139.69,816.0,buy,NYSE
tx_0003312,2025-06-13 09:54:39,ADBE,610.72,142.0,sell,NASDAQ
tx_0004176,2025-06-13 09:54:39,DIS,179.8,341.0,buy,NYSE
tx_0001511,2025-06-13 09:54:41,MA,347.16,925.0,sell,NYSE
tx_0007835,2025-06-13 09:54:42,TSLA,705.13,723.0,sell,NASDAQ
tx_0002872,2025-06-13 09:54:44,NFLX,491.6,248.0,buy,NASDAQ
tx_0001948,2025-06-13 09:54:46,WMT,140.63,622.0,buy,NYSE
tx_0000433,2025-06-13 09:54:48,NVDA,199.57,515.0,sell,NASDAQ
tx_0008424,2025-06-13 09:54:53,TSLA,702.12,278.0,buy,NASDAQ
tx_0003556,2025-06-13 09:54:53,V,219.9,531.0,buy,NYSE
tx_0003480,2025-06-13 09:54:55,BRK.B,281.17,163.0,buy,NYSE
tx_0007876,2025-06-13 09:54:58,NFLX,493.99,278.0,sell,NASDAQ
tx_0002294,2025-06-13 09:54:59,FB,326.87,702.0,sell,NASDAQ
tx_0004319,2025-06-13 09:55:00,WMT,141.25,435.0,sell,NYSE
tx_0006739,2025-06-13 09:55:04,NFLX,500.41,771.0,sell,NASDAQ
tx_0009809,2025-06-13 09:55:04,PEP,152.96,379.0,sell,NYSE
tx_0008405,2025-06-13 09:55:06,NVDA,197.95,236.0,buy,NASDAQ
tx_0000835,2025-06-13 09:55:07,AAPL,150.43,303.0,buy,NASDAQ
tx_0000487,2025-06-13 09:55:09,PYPL,249.86,561.0,buy,NASDAQ
tx_0005905,2025-06-13 09:55:09,FB,324.2,212.0,sell,NASDAQ
tx_0002904,2025-06-13 09:55:11,NFLX,500.58,893.0,buy,NASDAQ
tx_0007663,2025-06-13 09:55:12,WMT,139.52,291.0,sell,NYSE
tx_0003012,2025-06-13 09:55:18,BRK.B,277.53,28.0,sell,NYSE
tx_0009458,2025-06-13 09:55:18,ADBE,600.81,299.0,sell,NASDAQ
tx_0000862,2025-06-13 09:55:19,PYPL,252.06,364.0,sell,NASDAQ
tx_0008669,2025-06-13 09:55:20,NFLX,499.12,43.0,sell,NASDAQ
tx_0002023,2025-06-13 09:55:20,PG,138.73,975.0,buy,NYSE
tx_0003829,2025-06-13 09:55:23,WMT,141.56,694.0,sell,NYSE
tx_0002938,2025-06-13 09:55:24,WMT,141.51,395.0,buy,NYSE
tx_0004706,2025-06-13 09:55:25,TSLA,701.84,914.0,sell,NASDAQ
tx_0009312,2025-06-13 09:55:27,NVDA,197.78,824.0,sell,NASDAQ
tx_0005765,2025-06-13 09:55:27,TSLA,694.27,595.0,buy,NASDAQ
tx_0001139,2025-06-13 09:55:28,AAPL,150.09,488.0,buy,NASDAQ
tx_0006248,2025-06-13 09:55:30,JNJ,169.42,757.0,sell,NYSE
tx_0000373,2025-06-13 09:55:31,MA,347.97,188.0,sell,NYSE
tx_0005176,2025-06-13 09:55:31,WMT,139.04,615.0,sell,NYSE
tx_0005149,2025-06-13 09:55:34,V,217.06,740.0,sell,NYSE
tx_0002388,2025-06-13 09:55:36,TSLA,703.53,987.0,buy,NASDAQ
tx_0006085,2025-06-13 09:55:39,FB,325.63,805.0,sell,NASDAQ
tx_0007416,2025-06-13 09:55:53,MA,349.1,405.0,buy,NYSE
tx_0003456,2025-06-13 09:55:53,MCD,244.86,602.0,buy,NYSE
tx_0008874,2025-06-13 09:55:56,FB,328.52,635.0,buy,NASDAQ
tx_0009019,2025-06-13 09:55:59,DIS,179.09,795.0,sell,NYSE
tx_0008055,2025-06-13 09:56:00,ADBE,606.72,95.0,sell,NASDAQ
tx_0006689,2025-06-13 09:56:02,AAPL,151.88,884.0,buy,NASDAQ
tx_0001125,2025-06-13 09:56:04,AAPL,149.94,833.0,sell,NASDAQ
tx_0002576,2025-06-13 09:56:04,WMT,140.79,973.0,buy,NYSE
tx_0002500,2025-06-13 09:56:09,NVDA,196.98,179.0,buy,NASDAQ
tx_0005591,2025-06-13 09:56:15,BRK.B,277.79,879.0,buy,NYSE
tx_0001588,2025-06-13 09:56:17,KO,55.66,240.0,sell,NYSE
tx_0002147,2025-06-13 09:56:21,DIS,179.16,494.0,sell,NYSE
tx_0006007,2025-06-13 09:56:23,DIS,179.83,880.0,sell,NYSE
tx_0000139,2025-06-13 09:56:23,GOOGL,2765.67,587.0,buy,NASDAQ
tx_0000629,2025-06-13 09:56:25,AMZN,3475.22,963.0,sell,NASDAQ
tx_0004939,2025-06-13 09:56:27,PEP,153.56,610.0,buy,NYSE
tx_0007996,2025-06-13 09:56:27,MSFT,295.56,554.0,buy,NASDAQ
tx_0007635,2025-06-13 09:56:29,BRK.B,278.82,628.0,sell,NYSE
tx_0009858,2025-06-13 09:56:29,MA,342.43,16.0,sell,NYSE
tx_0009918,2025-06-13 09:56:36,TSLA,707.77,683.0,sell,NASDAQ
tx_0005186,2025-06-13 09:56:37,AAPL,150.31,996.0,sell,NASDAQ
tx_0001515,2025-06-13 09:56:41,KO,55.18,606.0,sell,NYSE
tx_0001774,2025-06-13 09:56:42,AMZN,3526.88,443.0,buy,NASDAQ
tx_0002178,2025-06-13 09:56:43,KO,55.64,138.0,sell,NYSE
tx_0007603,2025-06-13 09:56:43,PG,137.09,81.0,sell,NYSE
tx_0001782,2025-06-13 09:56:44,BRK.B,282.91,77.0,sell,NYSE
tx_0001162,2025-06-13 09:56:48,WMT,140.97,427.0,buy,NYSE
tx_0004556,2025-06-13 09:56:49,NFLX,495.85,704.0,sell,NASDAQ
tx_0009763,2025-06-13 09:56:52,TSLA,707.46,871.0,sell,NASDAQ
tx_0003914,2025-06-13 09:56:52,ADBE,610.52,914.0,buy,NASDAQ
tx_0003538,2025-06-13 09:56:54,BRK.B,280.1,54.0,buy,NYSE
tx_0006218,2025-06-13 09:56:58,MSFT,300.16,597.0,sell,NASDAQ
tx_0004901,2025-06-13 09:56:59,MCD,244.73,135.0,buy,NYSE
tx_0005360,2025-06-13 09:57:02,PEP,151.38,69.0,sell,NYSE
tx_0002131,2025-06-13 09:57:05,MSFT,296.35,568.0,sell,NASDAQ
tx_0006780,2025-06-13 09:57:07,AMZN,3485.24,462.0,buy,NASDAQ
tx_0009443,2025-06-13 09:57:07,PYPL,248.54,462.0,sell,NASDAQ
tx_0007675,2025-06-13 09:57:10,AMZN,3544.64,748.0,buy,NASDAQ
tx_0004242,2025-06-13 09:57:11,PEP,152.13,564.0,buy,NYSE
tx_0007041,2025-06-13 09:57:11,JNJ,167.8,806.0,buy,NYSE
tx_0000063,2025-06-13 09:57:16,TSLA,696.45,377.0,sell,NASDAQ
tx_0008495,2025-06-13 09:57:18,NVDA,197.8,356.0,sell,NASDAQ
tx_0000937,2025-06-13 09:57:20,PYPL,245.74,106.0,sell,NASDAQ
tx_0000715,2025-06-13 09:57:22,V,216.99,270.0,buy,NYSE
tx_0001098,2025-06-13 09:57:26,MCD,241.19,372.0,sell,NYSE
tx_0000537,2025-06-13 09:57:27,PG,137.12,176.0,sell,NYSE
tx_0000975,2025-06-13 09:57:28,NVDA,196.28,455.0,sell,NASDAQ
tx_0004220,2025-06-13 09:57:29,PG,138.27,136.0,sell,NYSE
tx_0004166,2025-06-13 09:57:30,FB,326.16,575.0,sell,NASDAQ
tx_0001216,2025-06-13 09:57:32,PEP,154.39,192.0,buy,NYSE
tx_0003734,2025-06-13 09:57:32,MCD,243.84,917.0,sell,NYSE
tx_0001783,2025-06-13 09:57:35,MCD,242.49,653.0,sell,NYSE
tx_0004699,2025-06-13 09:57:36,GOOGL,2777.91,340.0,sell,NASDAQ
tx_0002631,2025-06-13 09:57:43,PEP,154.03,168.0,buy,NYSE
tx_0009206,2025-06-13 09:57:45,MSFT,295.08,642.0,buy,NASDAQ
tx_0006720,2025-06-13 09:57:46,MSFT,296.05,541.0,buy,NASDAQ
tx_0008418,2025-06-13 09:57:48,PG,137.76,219.0,sell,NYSE
tx_0002725,2025-06-13 09:57:54,NVDA,199.86,361.0,sell,NASDAQ
tx_0005608,2025-06-13 09:57:55,WMT,141.48,633.0,sell,NYSE
tx_0007717,2025-06-13 09:57:55,PYPL,247.67,319.0,sell,NASDAQ
tx_0005022,2025-06-13 09:58:00,FB,327.38,527.0,buy,NASDAQ
tx_0009008,2025-06-13 09:58:00,JNJ,169.5,691.0,buy,NYSE
tx_0006062,2025-06-13 09:58:04,AAPL,152.52,473.0,buy,NASDAQ
tx_0000449,2025-06-13 09:58:04,PYPL,248.11,33.0,sell,NASDAQ
tx_0002212,2025-06-13 09:58:05,NVDA,199.31,59.0,buy,NASDAQ
tx_0006664,2025-06-13 09:58:08,TSLA,705.58,634.0,buy,NASDAQ
tx_0008577,2025-06-13 09:58:13,PEP,153.4,369.0,sell,NYSE
tx_0009277,2025-06-13 09:58:21,AMZN,3493.64,600.0,buy,NASDAQ
tx_0007134,2025-06-13 09:58:22,AAPL,150.96,561.0,sell,NASDAQ
tx_0008396,2025-06-13 09:58:34,DIS,178.16,635.0,sell,NYSE
tx_0000159,2025-06-13 09:58:34,TSLA,705.58,755.0,sell,NASDAQ
tx_0006277,2025-06-13 09:58:34,KO,55.29,502.0,sell,NYSE
tx_0007234,2025-06-13 09:58:40,PYPL,246.33,751.0,buy,NASDAQ
tx_0003777,2025-06-13 09:58:40,FB,323.86,448.0,sell,NASDAQ
tx_0002341,2025-06-13 09:58:42,AAPL,151.06,29.0,buy,NASDAQ
tx_0005213,2025-06-13 09:58:43,AMZN,3515.46,101.0,sell,NASDAQ
tx_0002714,2025-06-13 09:58:50,NVDA,199.14,851.0,buy,NASDAQ
tx_0002484,2025-06-13 09:58:58,V,215.52,434.0,buy,NYSE
tx_0008486,2025-06-13 09:59:03,MSFT,297.08,871.0,buy,NASDAQ
tx_0006939,2025-06-13 09:59:04,MA,345.85,3.0,sell,NYSE
tx_0004920,2025-06-13 09:59:08,TSLA,704.75,950.0,sell,NASDAQ
tx_0005805,2025-06-13 09:59:09,PG,138.39,992.0,sell,NYSE
tx_0007016,2025-06-13 09:59:09,NFLX,494.36,360.0,buy,NASDAQ
tx_0006666,2025-06-13 09:59:10,MA,342.81,456.0,sell,NYSE
tx_0000560,2025-06-13 09:59:15,V,215.6,486.0,sell,NYSE
tx_0001251,2025-06-13 09:59:16,PG,139.31,493.0,buy,NYSE
tx_0004914,2025-06-13 09:59:16,PYPL,247.29,245.0,sell,NASDAQ
tx_0006969,2025-06-13 09:59:23,PEP,152.15,962.0,buy,NYSE
tx_0006627,2025-06-13 09:59:27,V,217.57,903.0,buy,NYSE
tx_0009919,2025-06-13 09:59:27,PEP,153.52,884.0,sell,NYSE
tx_0001509,2025-06-13 09:59:28,DIS,179.05,745.0,buy,NYSE
tx_0000452,2025-06-13 09:59:29,MA,342.04,643.0,buy,NYSE
tx_0008223,2025-06-13 09:59:29,AAPL,151.7,245.0,buy,NASDAQ
tx_0003121,2025-06-13 09:59:30,KO,54.58,458.0,buy,NYSE
tx_0006373,2025-06-13 09:59:32,MA,345.53,792.0,buy,NYSE
tx_0005515,2025-06-13 09:59:33,GOOGL,2797.83,760.0,buy,NASDAQ
tx_0008333,2025-06-13 09:59:36,MSFT,298.31,841.0,buy,NASDAQ
tx_0005479,2025-06-13 09:59:36,BRK.B,285.66,291.0,buy,NYSE
tx_0007580,2025-06-13 09:59:39,PYPL,248.27,771.0,buy,NASDAQ
tx_0005731,2025-06-13 09:59:41,GOOGL,2791.79,222.0,buy,NASDAQ
tx_0007482,2025-06-13 09:59:44,MA,346.12,142.0,buy,NYSE
tx_0008908,2025-06-13 09:59:46,NVDA,198.33,983.0,sell,NASDAQ
tx_0009831,2025-06-13 09:59:49,WMT,141.15,402.0,sell,NYSE
tx_0005932,2025-06-13 09:59:50,GOOGL,2827.39,578.0,sell,NASDAQ
tx_0004195,2025-06-13 09:59:58,NVDA,200.08,555.0,buy,NASDAQ
tx_0006417,2025-06-13 10:00:03,ADBE,607.44,841.0,buy,NASDAQ
tx_0002231,2025-06-13 10:00:04,V,218.86,300.0,buy,NYSE
tx_0006573,2025-06-13 10:00:06,AAPL,151.9,789.0,sell,NASDAQ
tx_0000257,2025-06-13 10:00:06,MA,345.23,168.0,sell,NYSE
tx_0002269,2025-06-13 10:00:08,MSFT,296.34,433.0,buy,NASDAQ
tx_0007612,2025-06-13 10:00:09,WMT,141.08,958.0,buy,NYSE
tx_0002094,2025-06-13 10:00:11,TSLA,700.31,57.0,buy,NASDAQ
tx_0007458,2025-06-13 10:00:11,AAPL,150.54,321.0,buy,NASDAQ
tx_0002389,2025-06-13 10:00:16,GOOGL,2792.83,444.0,sell,NASDAQ
tx_0005941,2025-06-13 10:00:17,WMT,140.37,600.0,sell,NYSE
tx_0000034,2025-06-13 10:00:20,TSLA,699.65,239.0,sell,NASDAQ
tx_0009608,2025-06-13 10:00:21,DIS,179.32,224.0,buy,NYSE
tx_0007596,2025-06-13 10:00:22,FB,323.2,492.0,sell,NASDAQ
tx_0006919,2025-06-13 10:00:32,PEP,152.2,69.0,buy,NYSE
tx_0009985,2025-06-13 10:00:35,FB,325.82,623.0,buy,NASDAQ
tx_0007964,2025-06-13 10:00:39,BRK.B,282.67,875.0,sell,NYSE
tx_0008803,2025-06-13 10:00:40,AMZN,3536.13,37.0,buy,NASDAQ
tx_0001735,2025-06-13 10:00:43,JNJ,170.23,667.0,sell,NYSE
tx_0009282,2025-06-13 10:00:44,MA,347.75,744.0,sell,NYSE
tx_0001712,2025-06-13 10:00:44,AAPL,153.45,129.0,sell,NASDAQ
tx_0005542,2025-06-13 10:00:45,MCD,242.8,870.0,sell,NYSE
tx_0003665,2025-06-13 10:00:49,NFLX,497.15,697.0,sell,NASDAQ
tx_0007929,2025-06-13 10:00:57,NVDA,200.46,846.0,sell,NASDAQ
tx_0002653,2025-06-13 10:00:59,WMT,140.12,509.0,sell,NYSE
tx_0006369,2025-06-13 10:01:03,TSLA,700.28,727.0,buy,NASDAQ
tx_0001839,2025-06-13 10:01:05,KO,54.89,213.0,sell,NYSE
tx_0009938,2025-06-13 10:01:13,ADBE,604.08,851.0,buy,NASDAQ
tx_0001746,2025-06-13 10:01:13,PEP,152.92,781.0,sell,NYSE
tx_0009435,2025-06-13 10:01:15,PG,140.13,18.0,sell,NYSE
tx_0000904,2025-06-13 10:01:17,WMT,141.55,226.0,sell,NYSE
tx_0008536,2025-06-13 10:01:20,WMT,141.79,679.0,buy,NYSE
tx_0006806,2025-06-13 10:01:26,DIS,178.45,,sell,NYSE
tx_0008977,2025-06-13 10:01:27,MCD,241.87,829.0,sell,NYSE
tx_0008449,2025-06-13 10:01:29,MSFT,300.87,500.0,buy,NASDAQ
tx_0005610,2025-06-13 10:01:29,KO,55.23,645.0,buy,NYSE
tx_0003800,2025-06-13 10:01:31,JNJ,169.84,8.0,buy,NYSE
tx_0000859,2025-06-13 10:01:37,V,219.73,229.0,buy,NYSE
tx_0006964,2025-06-13 10:01:39,MCD,240.3,121.0,sell,NYSE
tx_0004161,2025-06-13 10:01:41,AMZN,3543.09,653.0,sell,NASDAQ
tx_0000129,2025-06-13 10:01:43,AMZN,3522.69,12.0,buy,NASDAQ
tx_0007870,2025-06-13 10:01:44,V,218.74,567.0,sell,NYSE
tx_0004641,2025-06-13 10:01:47,MA,346.19,260.0,buy,NYSE
tx_0000604,2025-06-13 10:01:48,KO,55.3,464.0,buy,NYSE
tx_0007411,2025-06-13 10:01:48,JNJ,169.31,754.0,sell,NYSE
tx_0007786,2025-06-13 10:01:50,V,219.74,947.0,buy,NYSE
tx_0001100,2025-06-13 10:01:58,DIS,175.95,521.0,buy,NYSE
tx_0002922,2025-06-13 10:02:00,PEP,153.4,401.0,buy,NYSE
tx_0003145,2025-06-13 10:02:03,PYPL,251.8,645.0,buy,NASDAQ
tx_0002105,2025-06-13 10:02:04,FB,324.79,642.0,sell,NASDAQ
tx_0009756,2025-06-13 10:02:09,DIS,176.88,930.0,sell,NYSE
tx_0005957,2025-06-13 10:02:09,PEP,151.4,93.0,sell,NYSE
tx_0000371,2025-06-13 10:02:10,PEP,151.38,399.0,buy,NYSE
tx_0004524,2025-06-13 10:02:12,PG,139.13,281.0,sell,NYSE
tx_0001339,2025-06-13 10:02:12,BRK.B,284.12,549.0,sell,NYSE
tx_0005879,2025-06-13 10:02:14,PYPL,252.22,959.0,sell,NASDAQ
tx_0006567,2025-06-13 10:02:17,NFLX,489.93,824.0,sell,NASDAQ
tx_0001764,2025-06-13 10:02:18,AMZN,3548.45,402.0,buy,NASDAQ
tx_0000171,2025-06-13 10:02:18,GOOGL,2778.59,247.0,sell,NASDAQ
tx_0008465,2025-06-13 10:02:18,DIS,175.75,928.0,buy,NYSE
tx_0008017,2025-06-13 10:02:19,NFLX,495.09,637.0,buy,NASDAQ
tx_0006650,2025-06-13 10:02:30,GOOGL,2785.85,381.0,buy,NASDAQ
tx_0000500,2025-06-13 10:02:31,MA,346.19,761.0,sell,NYSE
tx_0008243,2025-06-13 10:02:37,JNJ,168.23,253.0,buy,NYSE
tx_0003179,2025-06-13 10:02:38,MA,342.83,362.0,sell,NYSE
tx_0002207,2025-06-13 10:02:38,ADBE,607.19,954.0,buy,NASDAQ
tx_0001243,2025-06-13 10:02:39,WMT,142.12,6.0,sell,NYSE
tx_0009110,2025-06-13 10:02:40,ADBE,609.3,871.0,buy,NASDAQ
tx_0009099,2025-06-13 10:02:46,TSLA,703.86,147.0,sell,NASDAQ
tx_0000385,2025-06-13 10:02:49,PEP,151.87,84.0,sell,NYSE
tx_0001728,2025-06-13 10:02:53,GOOGL,2769.72,822.0,sell,NASDAQ
tx_0000168,2025-06-13 10:02:55,PG,139.14,594.0,buy,NYSE
tx_0008586,2025-06-13 10:02:58,MA,348.51,766.0,sell,NYSE
tx_0005275,2025-06-13 10:02:58,V,218.1,362.0,sell,NYSE
tx_0009391,2025-06-13 10:02:59,DIS,178.18,414.0,sell,NYSE
tx_0001051,2025-06-13 10:03:02,JNJ,168.81,628.0,sell,NYSE
tx_0004930,2025-06-13 10:03:03,NVDA,195.69,875.0,sell,NASDAQ
tx_0007769,2025-06-13 10:03:04,BRK.B,284.58,892.0,sell,NYSE
tx_0009617,2025-06-13 10:03:06,KO,55.33,895.0,sell,NYSE
tx_0006451,2025-06-13 10:03:06,KO,55.21,212.0,sell,NYSE
tx_0006271,2025-06-13 10:03:10,AMZN,3552.36,608.0,sell,NASDAQ
tx_0008529,2025-06-13 10:03:12,GOOGL,2818.66,704.0,sell,NASDAQ
tx_0002625,2025-06-13 10:03:17,PYPL,253.2,999.0,sell,NASDAQ
tx_0000437,2025-06-13 10:03:21,WMT,142.0,862.0,buy,NYSE
tx_0003646,2025-06-13 10:03:23,TSLA,696.51,35.0,sell,NASDAQ
tx_0005418,2025-06-13 10:03:24,FB,323.19,920.0,buy,NASDAQ
tx_0001890,2025-06-13 10:03:24,AMZN,3526.97,381.0,sell,NASDAQ
tx_0002840,2025-06-13 10:03:24,PYPL,252.02,866.0,buy,NASDAQ
tx_0001899,2025-06-13 10:03:24,FB,328.77,517.0,sell,NASDAQ
tx_0006142,2025-06-13 10:03:26,MSFT,299.74,370.0,buy,NASDAQ
tx_0008563,2025-06-13 10:03:28,AMZN,3545.62,458.0,sell,NASDAQ
tx_0005344,2025-06-13 10:03:38,TSLA,701.01,810.0,sell,NASDAQ
tx_0001863,2025-06-13 10:03:39,PEP,152.69,12.0,sell,NYSE
tx_0006410,2025-06-13 10:03:43,BRK.B,287.24,206.0,buy,NYSE
tx_0005504,2025-06-13 10:03:43,MA,346.19,605.0,buy,NYSE
tx_0009271,2025-06-13 10:03:45,JNJ,167.75,207.0,buy,NYSE
tx_0006928,2025-06-13 10:03:46,DIS,177.82,917.0,sell,NYSE
tx_0005130,2025-06-13 10:03:48,NFLX,492.43,822.0,sell,NASDAQ
tx_0000338,2025-06-13 10:03:48,NFLX,500.07,663.0,sell,NASDAQ
tx_0003697,2025-06-13 10:03:52,ADBE,598.49,144.0,sell,NASDAQ
tx_0007005,2025-06-13 10:03:54,AMZN,3570.85,962.0,buy,NASDAQ
tx_0006454,2025-06-13 10:03:59,AMZN,3579.53,301.0,buy,NASDAQ
tx_0006518,2025-06-13 10:04:01,AMZN,3565.04,956.0,sell,NASDAQ
tx_0007901,2025-06-13 10:04:02,KO,55.38,419.0,buy,NYSE
tx_0009111,2025-06-13 10:04:05,PEP,153.22,859.0,buy,NYSE
tx_0006203,2025-06-13 10:04:06,DIS,176.11,632.0,sell,NYSE
tx_0001756,2025-06-13 10:04:13,AAPL,151.7,96.0,buy,NASDAQ
tx_0001487,2025-06-13 10:04:15,MCD,240.4,966.0,sell,NYSE
tx_0005251,2025-06-13 10:04:17,TSLA,697.06,501.0,buy,NASDAQ
tx_0002890,2025-06-13 10:04:17,V,217.54,714.0,sell,NYSE
tx_0003686,2025-06-13 10:04:17,GOOGL,2823.07,463.0,buy,NASDAQ
tx_0009790,2025-06-13 10:04:21,TSLA,694.48,83.0,sell,NASDAQ
tx_0006824,2025-06-13 10:04:24,PYPL,251.77,322.0,sell,NASDAQ
tx_0007406,2025-06-13 10:04:25,AAPL,151.18,581.0,sell,NASDAQ
tx_0007597,2025-06-13 10:04:26,KO,55.18,807.0,sell,NYSE
tx_0008712,2025-06-13 10:04:26,TSLA,698.42,434.0,sell,NASDAQ
tx_0007088,2025-06-13 10:04:27,DIS,176.87,655.0,sell,NYSE
tx_0000602,2025-06-13 10:04:27,MSFT,301.85,70.0,sell,NASDAQ
tx_0007974,2025-06-13 10:04:38,PEP,152.6,351.0,buy,NYSE
tx_0004172,2025-06-13 10:04:43,V,217.98,169.0,sell,NYSE
tx_0004701,2025-06-13 10:04:43,MSFT,304.94,322.0,buy,NASDAQ
tx_0009527,2025-06-13 10:04:46,NFLX,493.74,954.0,sell,NASDAQ
tx_0005314,2025-06-13 10:04:50,JNJ,169.1,444.0,buy,NYSE
tx_0006813,2025-06-13 10:04:51,ADBE,603.74,728.0,buy,NASDAQ
tx_0006631,2025-06-13 10:04:51,PYPL,249.13,84.0,buy,NASDAQ
tx_0000916,2025-06-13 10:04:54,BRK.B,285.0,732.0,buy,NYSE
tx_0003775,2025-06-13 10:04:58,BRK.B,286.93,422.0,buy,NYSE
tx_0009737,2025-06-13 10:05:02,PEP,150.63,473.0,buy,NYSE
tx_0001906,2025-06-13 10:05:07,WMT,138.68,644.0,sell,NYSE
tx_0000758,2025-06-13 10:05:08,PYPL,248.52,68.0,sell,NASDAQ
tx_0009417,2025-06-13 10:05:09,JNJ,167.37,574.0,sell,NYSE
tx_0007296,2025-06-13 10:05:12,KO,55.02,,sell,NYSE
tx_0002914,2025-06-13 10:05:15,NVDA,195.8,952.0,sell,NASDAQ
tx_0007352,2025-06-13 10:05:20,MCD,235.89,973.0,sell,NYSE
tx_0005512,2025-06-13 10:05:21,WMT,140.05,229.0,buy,NYSE
tx_0000022,2025-06-13 10:05:27,AMZN,3567.87,190.0,buy,NASDAQ
tx_0009279,2025-06-13 10:05:27,FB,329.76,795.0,buy,NASDAQ
tx_0007185,2025-06-13 10:05:29,V,219.37,676.0,sell,NYSE
tx_0002674,2025-06-13 10:05:29,FB,330.59,571.0,sell,NASDAQ
tx_0002251,2025-06-13 10:05:32,PEP,152.6,826.0,buy,NYSE
tx_0009120,2025-06-13 10:05:32,BRK.B,286.68,796.0,sell,NYSE
tx_0004299,2025-06-13 10:05:35,V,218.29,997.0,sell,NYSE
tx_0007059,2025-06-13 10:05:40,FB,325.17,330.0,sell,NASDAQ
tx_0003256,2025-06-13 10:05:42,TSLA,697.4,315.0,buy,NASDAQ
tx_0000857,2025-06-13 10:05:43,DIS,174.99,949.0,buy,NYSE
tx_0005695,2025-06-13 10:05:52,DIS,177.9,365.0,buy,NYSE
tx_0005681,2025-06-13 10:05:54,V,217.67,157.0,buy,NYSE
tx_0002626,2025-06-13 10:06:02,ADBE,609.43,495.0,sell,NASDAQ
tx_0003229,2025-06-13 10:06:03,FB,325.47,778.0,buy,NASDAQ
tx_0004300,2025-06-13 10:06:04,AAPL,153.87,153.0,sell,NASDAQ
tx_0000155,2025-06-13 10:06:05,NFLX,493.37,22.0,sell,NASDAQ
tx_0004645,2025-06-13 10:06:06,AMZN,3552.53,644.0,buy,NASDAQ
tx_0002511,2025-06-13 10:06:06,V,216.36,66.0,buy,NYSE
tx_0002363,2025-06-13 10:06:09,JNJ,168.0,209.0,sell,NYSE
tx_0001149,2025-06-13 10:06:12,KO,55.56,154.0,buy,NYSE
tx_0008525,2025-06-13 10:06:12,DIS,174.88,486.0,sell,NYSE
tx_0004615,2025-06-13 10:06:13,MSFT,302.58,627.0,sell,NASDAQ
tx_0008122,2025-06-13 10:06:14,PG,139.02,653.0,buy,NYSE
tx_0002730,2025-06-13 10:06:15,PG,139.07,173.0,sell,NYSE
tx_0006486,2025-06-13 10:06:17,MA,342.28,129.0,buy,NYSE
tx_0001601,2025-06-13 10:06:23,FB,330.59,183.0,sell,NASDAQ
tx_0008073,2025-06-13 10:06:25,AAPL,152.98,789.0,sell,NASDAQ
tx_0006935,2025-06-13 10:06:27,PEP,150.22,365.0,sell,NYSE
tx_0002927,2025-06-13 10:06:27,BRK.B,288.87,790.0,sell,NYSE
tx_0000553,2025-06-13 10:06:28,PEP,151.91,498.0,sell,NYSE
tx_0000396,2025-06-13 10:06:39,NVDA,198.67,372.0,sell,NASDAQ
tx_0009816,2025-06-13 10:06:40,NFLX,490.81,548.0,sell,NASDAQ
tx_0004768,2025-06-13 10:06:45,MCD,236.31,188.0,buy,NYSE
tx_0000799,2025-06-13 10:06:51,ADBE,600.63,539.0,buy,NASDAQ
tx_0007071,2025-06-13 10:06:52,MSFT,304.3,968.0,buy,NASDAQ
tx_0000798,2025-06-13 10:06:54,MSFT,306.48,802.0,sell,NASDAQ
tx_0002823,2025-06-13 10:06:59,TSLA,693.95,361.0,sell,NASDAQ
tx_0004489,2025-06-13 10:07:00,PG,139.6,366.0,sell,NYSE
tx_0008189,2025-06-13 10:07:04,PEP,150.91,222.0,sell,NYSE
tx_0004393,2025-06-13 10:07:06,NFLX,492.5,554.0,buy,NASDAQ
tx_0000295,2025-06-13 10:07:07,BRK.B,290.55,779.0,buy,NYSE
tx_0003861,2025-06-13 10:07:08,PYPL,253.18,581.0,sell,NASDAQ
tx_0004850,2025-06-13 10:07:15,ADBE,607.81,10.0,buy,NASDAQ
tx_0009629,2025-06-13 10:07:18,PYPL,250.12,460.0,buy,NASDAQ
tx_0005199,2025-06-13 10:07:21,MCD,237.39,476.0,buy,NYSE
tx_0009813,2025-06-13 10:07:24,GOOGL,2803.09,348.0,sell,NASDAQ
tx_0007592,2025-06-13 10:07:32,GOOGL,,710.0,sell,NASDAQ
tx_0005908,2025-06-13 10:07:33,TSLA,703.35,923.0,buy,NASDAQ
tx_0007083,2025-06-13 10:07:35,PYPL,251.2,975.0,buy,NASDAQ
tx_0000215,2025-06-13 10:07:40,PG,137.73,163.0,sell,NYSE
tx_0005984,2025-06-13 10:07:41,V,216.56,398.0,sell,NYSE
tx_0001474,2025-06-13 10:07:44,ADBE,600.84,349.0,sell,NASDAQ
tx_0007429,2025-06-13 10:07:47,MSFT,302.43,636.0,sell,NASDAQ
tx_0000730,2025-06-13 10:07:49,MA,346.21,642.0,sell,NYSE
tx_0007677,2025-06-13 10:07:51,ADBE,600.6,203.0,buy,NASDAQ
tx_0008187,2025-06-13 10:07:51,GOOGL,2838.35,168.0,sell,NASDAQ
tx_0006682,2025-06-13 10:07:56,BRK.B,283.54,399.0,buy,NYSE
tx_0000810,2025-06-13 10:07:58,ADBE,601.2,424.0,buy,NASDAQ
tx_0008645,2025-06-13 10:08:01,GOOGL,2831.87,10.0,sell,NASDAQ
tx_0009603,2025-06-13 10:08:02,AMZN,3510.77,329.0,buy,NASDAQ
tx_0006938,2025-06-13 10:08:06,NVDA,198.11,772.0,sell,NASDAQ
tx_0003984,2025-06-13 10:08:10,DIS,177.29,236.0,sell,NYSE
tx_0006003,2025-06-13 10:08:12,NVDA,200.75,957.0,buy,NASDAQ
tx_0006380,2025-06-13 10:08:14,KO,54.81,883.0,buy,NYSE
tx_0008208,2025-06-13 10:08:14,JNJ,165.13,342.0,sell,NYSE
tx_0005335,2025-06-13 10:08:15,DIS,176.4,521.0,sell,NYSE
tx_0001600,2025-06-13 10:08:17,GOOGL,2846.71,8.0,buy,NASDAQ
tx_0003783,2025-06-13 10:08:19,WMT,140.26,656.0,buy,NYSE
tx_0005767,2025-06-13 10:08:19,PG,139.35,514.0,buy,NYSE
tx_0000848,2025-06-13 10:08:25,MA,346.22,483.0,buy,NYSE
tx_0007638,2025-06-13 10:08:25,NFLX,494.37,205.0,sell,NASDAQ
tx_0003603,2025-06-13 10:08:32,PEP,151.86,773.0,buy,NYSE
tx_0001745,2025-06-13 10:08:37,AAPL,153.43,749.0,buy,NASDAQ
tx_0004411,2025-06-13 10:08:40,AAPL,152.79,56.0,buy,NASDAQ
tx_0000492,2025-06-13 10:08:41,ADBE,600.73,825.0,sell,NASDAQ
tx_0004339,2025-06-13 10:08:42,AMZN,3547.17,453.0,sell,NASDAQ
tx_0001104,2025-06-13 10:08:42,TSLA,701.5,761.0,buy,NASDAQ
tx_0004046,2025-06-13 10:08:42,NFLX,490.04,268.0,buy,NASDAQ
tx_0001064,2025-06-13 10:08:42,KO,54.82,494.0,buy,NYSE
tx_0002492,2025-06-13 10:08:43,WMT,139.3,687.0,sell,NYSE
tx_0009352,2025-06-13 10:08:45,AMZN,3523.54,548.0,buy,NASDAQ
tx_0009075,2025-06-13 10:08:49,DIS,175.75,899.0,sell,NYSE
tx_0008206,2025-06-13 10:08:50,MSFT,305.1,64.0,buy,NASDAQ
tx_0001527,2025-06-13 10:08:52,AMZN,3517.23,826.0,sell,NASDAQ
tx_0006620,2025-06-13 10:08:52,FB,324.9,299.0,buy,NASDAQ
tx_0008312,2025-06-13 10:08:55,MCD,235.87,780.0,buy,NYSE
tx_0008162,2025-06-13 10:08:59,NFLX,489.53,466.0,sell,NASDAQ
tx_0005548,2025-06-13 10:08:59,NVDA,200.74,728.0,sell,NASDAQ
tx_0005603,2025-06-13 10:09:04,PG,139.55,564.0,sell,NYSE
tx_0005778,2025-06-13 10:09:04,FB,327.65,911.0,buy,NASDAQ
tx_0009915,2025-06-13 10:09:06,FB,327.35,310.0,sell,NASDAQ
tx_0003453,2025-06-13 10:09:07,KO,54.73,93.0,buy,NYSE
tx_0001897,2025-06-13 10:09:10,AAPL,153.49,578.0,buy,NASDAQ
tx_0007931,2025-06-13 10:09:13,PG,137.29,444.0,buy,NYSE
tx_0001434,2025-06-13 10:09:13,MSFT,301.81,222.0,buy,NASDAQ
tx_0005137,2025-06-13 10:09:16,PEP,152.44,308.0,sell,NYSE
tx_0007175,2025-06-13 10:09:18,AMZN,3550.18,239.0,buy,NASDAQ
tx_0009137,2025-06-13 10:09:21,FB,322.91,550.0,buy,NASDAQ
tx_0007862,2025-06-13 10:09:24,KO,55.1,611.0,sell,NYSE
tx_0006640,2025-06-13 10:09:26,GOOGL,2837.31,475.0,sell,NASDAQ
tx_0000408,2025-06-13 10:09:31,BRK.B,282.95,897.0,buy,NYSE
tx_0001495,2025-06-13 10:09:32,JNJ,165.47,503.0,sell,NYSE
tx_0000895,2025-06-13 10:09:36,AMZN,3530.68,608.0,sell,NASDAQ
tx_0009936,2025-06-13 10:09:39,WMT,138.49,177.0,sell,NYSE
tx_0009745,2025-06-13 10:09:41,WMT,139.44,434.0,buy,NYSE
tx_0001771,2025-06-13 10:09:45,AMZN,3540.67,720.0,sell,NASDAQ
tx_0000011,2025-06-13 10:09:46,TSLA,693.82,964.0,buy,NASDAQ
tx_0000329,2025-06-13 10:09:50,PYPL,251.93,72.0,buy,NASDAQ
tx_0007133,2025-06-13 10:09:50,MCD,235.51,581.0,sell,NYSE
tx_0007493,2025-06-13 10:09:56,GOOGL,2836.58,417.0,buy,NASDAQ
tx_0009621,2025-06-13 10:09:58,MCD,239.76,336.0,buy,NYSE
tx_0006629,2025-06-13 10:10:00,DIS,176.42,816.0,buy,NYSE
tx_0008429,2025-06-13 10:10:01,FB,325.92,856.0,sell,NASDAQ
tx_0006767,2025-06-13 10:10:03,MCD,236.07,669.0,sell,NYSE
tx_0002867,2025-06-13 10:10:07,KO,55.16,154.0,buy,NYSE
tx_0006714,2025-06-13 10:10:08,NFLX,490.91,48.0,sell,NASDAQ
tx_0007347,2025-06-13 10:10:09,MCD,237.49,471.0,sell,NYSE
tx_0006152,2025-06-13 10:10:10,TSLA,702.25,317.0,buy,NASDAQ
tx_0007756,2025-06-13 10:10:11,AMZN,3553.81,388.0,sell,NASDAQ
tx_0002233,2025-06-13 10:10:13,KO,55.32,946.0,sell,NYSE
tx_0003542,2025-06-13 10:10:14,MA,340.77,621.0,sell,NYSE
tx_0005033,2025-06-13 10:10:17,PEP,150.23,986.0,buy,NYSE
tx_0000523,2025-06-13 10:10:18,AAPL,153.9,849.0,sell,NASDAQ
tx_0007564,2025-06-13 10:10:19,PG,,824.0,sell,NYSE
tx_0008899,2025-06-13 10:10:20,AAPL,151.83,125.0,buy,NASDAQ
tx_0000054,2025-06-13 10:10:23,MCD,236.92,268.0,buy,NYSE
tx_0006887,2025-06-13 10:10:24,WMT,138.5,632.0,sell,NYSE
tx_0002266,2025-06-13 10:10:25,FB,325.13,500.0,buy,NASDAQ
tx_0003970,2025-06-13 10:10:25,DIS,176.55,308.0,buy,NYSE
tx_0004997,2025-06-13 10:10:31,MCD,236.98,243.0,sell,NYSE
tx_0006468,2025-06-13 10:10:34,PEP,152.66,691.0,sell,NYSE
tx_0001655,2025-06-13 10:10:37,PEP,151.96,755.0,sell,NYSE
tx_0005422,2025-06-13 10:10:41,MCD,238.1,74.0,buy,NYSE
tx_0005196,2025-06-13 10:10:42,GOOGL,2849.74,839.0,sell,NASDAQ
tx_0000303,2025-06-13 10:10:44,PEP,151.48,896.0,buy,NYSE
tx_0009388,2025-06-13 10:10:48,FB,326.23,196.0,sell,NASDAQ
tx_0004869,2025-06-13 10:10:48,V,217.17,135.0,buy,NYSE
tx_0000878,2025-06-13 10:10:49,BRK.B,289.13,504.0,sell,NYSE
tx_0001501,2025-06-13 10:10:49,ADBE,602.69,170.0,buy,NASDAQ
tx_0005425,2025-06-13 10:10:53,NVDA,197.95,796.0,sell,NASDAQ
tx_0000460,2025-06-13 10:10:53,GOOGL,2805.82,310.0,sell,NASDAQ
tx_0008887,2025-06-13 10:10:55,NFLX,486.21,929.0,sell,NASDAQ
tx_0009261,2025-06-13 10:11:00,NFLX,484.43,947.0,buy,NASDAQ
tx_0004865,2025-06-13 10:11:02,AAPL,152.82,897.0,sell,NASDAQ
tx_0001084,2025-06-13 10:11:07,V,218.07,45.0,sell,NYSE
tx_0003809,2025-06-13 10:11:08,PG,138.05,326.0,sell,NYSE
tx_0005739,2025-06-13 10:11:11,WMT,138.02,684.0,buy,NYSE
tx_0003786,2025-06-13 10:11:12,FB,327.21,709.0,buy,NASDAQ
tx_0001290,2025-06-13 10:11:14,DIS,176.97,832.0,,NYSE
tx_0006046,2025-06-13 10:11:14,WMT,138.54,426.0,sell,NYSE
tx_0003425,2025-06-13 10:11:18,BRK.B,289.66,647.0,sell,NYSE
tx_0003174,2025-06-13 10:11:19,MA,341.55,557.0,sell,NYSE
tx_0007434,2025-06-13 10:11:23,V,217.54,275.0,sell,NYSE
tx_0003291,2025-06-13 10:11:26,FB,321.74,658.0,buy,NASDAQ
tx_0005228,2025-06-13 10:11:26,BRK.B,288.92,546.0,buy,NYSE
tx_0009274,2025-06-13 10:11:28,V,219.77,506.0,buy,NYSE
tx_0000445,2025-06-13 10:11:34,DIS,177.74,132.0,,NYSE
tx_0003311,2025-06-13 10:11:36,V,217.6,563.0,buy,NYSE
tx_0000532,2025-06-13 10:11:37,TSLA,698.75,16.0,sell,NASDAQ
tx_0004733,2025-06-13 10:11:38,FB,322.13,647.0,sell,NASDAQ
tx_0006022,2025-06-13 10:11:38,WMT,138.34,392.0,sell,NYSE
tx_0008796,2025-06-13 10:11:44,PEP,151.15,958.0,buy,NYSE
tx_0004994,2025-06-13 10:11:45,MSFT,301.67,605.0,sell,NASDAQ
tx_0002495,2025-06-13 10:11:49,MA,346.3,921.0,buy,NYSE
tx_0000229,2025-06-13 10:11:49,PYPL,253.81,333.0,sell,NASDAQ
tx_0000943,2025-06-13 10:11:50,V,219.69,567.0,sell,NYSE
tx_0004017,2025-06-13 10:11:52,KO,54.71,955.0,buy,NYSE
tx_0001800,2025-06-13 10:11:53,MA,347.18,602.0,buy,NYSE
tx_0004860,2025-06-13 10:11:54,GOOGL,2823.3,939.0,buy,NASDAQ
tx_0005955,2025-06-13 10:11:58,PG,138.61,439.0,buy,NYSE
tx_0004792,2025-06-13 10:12:01,PYPL,252.66,155.0,sell,NASDAQ
tx_0002090,2025-06-13 10:12:06,JNJ,168.01,695.0,sell,NYSE
tx_0001453,2025-06-13 10:12:07,FB,324.28,516.0,sell,NASDAQ
tx_0004115,2025-06-13 10:12:10,MSFT,307.05,384.0,buy,NASDAQ
tx_0004663,2025-06-13 10:12:14,MA,347.51,60.0,sell,NYSE
tx_0001289,2025-06-13 10:12:19,KO,54.44,511.0,buy,NYSE
tx_0007542,2025-06-13 10:12:20,GOOGL,2840.65,451.0,buy,
tx_0004009,2025-06-13 10:12:20,TSLA,700.16,487.0,buy,NASDAQ
tx_0006407,2025-06-13 10:12:21,ADBE,599.83,683.0,buy,NASDAQ
tx_0008931,2025-06-13 10:12:26,FB,325.25,857.0,sell,NASDAQ
tx_0004174,2025-06-13 10:12:28,MA,346.46,680.0,sell,NYSE
tx_0002744,2025-06-13 10:12:29,AAPL,150.83,465.0,sell,NASDAQ
tx_0004863,2025-06-13 10:12:30,MSFT,305.76,138.0,buy,NASDAQ
tx_0004677,2025-06-13 10:12:33,DIS,177.45,497.0,,NYSE
tx_0006057,2025-06-13 10:12:35,NFLX,494.75,886.0,sell,NASDAQ
tx_0007581,2025-06-13 10:12:40,GOOGL,2846.25,528.0,sell,NASDAQ
tx_0004264,2025-06-13 10:12:41,DIS,178.47,410.0,buy,NYSE
tx_0004406,2025-06-13 10:12:42,MSFT,306.76,335.0,buy,NASDAQ
tx_0005220,2025-06-13 10:12:48,AMZN,3524.75,591.0,sell,NASDAQ
tx_0008681,2025-06-13 10:12:49,WMT,137.71,908.0,buy,NYSE
tx_0009777,2025-06-13 10:12:49,MSFT,303.02,450.0,buy,NASDAQ
tx_0001703,2025-06-13 10:12:56,JNJ,167.93,388.0,buy,NYSE
tx_0009199,2025-06-13 10:12:57,PEP,150.92,419.0,sell,NYSE
tx_0004674,2025-06-13 10:12:57,GOOGL,2817.83,261.0,sell,NASDAQ
tx_0008911,2025-06-13 10:12:59,DIS,177.44,829.0,buy,NYSE
tx_0002921,2025-06-13 10:13:01,PG,138.51,582.0,buy,NYSE
tx_0007502,2025-06-13 10:13:03,WMT,137.56,960.0,buy,NYSE
tx_0003687,2025-06-13 10:13:04,TSLA,707.45,43.0,sell,NASDAQ
tx_0006030,2025-06-13 10:13:05,PYPL,252.7,,sell,NASDAQ
tx_0009543,2025-06-13 10:13:09,GOOGL,2849.59,329.0,sell,NASDAQ
tx_0001392,2025-06-13 10:13:09,FB,,227.0,sell,NASDAQ
tx_0005628,2025-06-13 10:13:11,PYPL,251.11,264.0,sell,NASDAQ
tx_0009071,2025-06-13 10:13:11,PYPL,252.92,31.0,sell,NASDAQ
tx_0007356,2025-06-13 10:13:13,GOOGL,2818.31,688.0,buy,NASDAQ
tx_0009349,2025-06-13 10:13:20,BRK.B,288.32,652.0,buy,NYSE
tx_0000707,2025-06-13 10:13:23,NVDA,198.58,323.0,sell,NASDAQ
tx_0007774,2025-06-13 10:13:23,PG,139.17,207.0,buy,NYSE
tx_0000981,2025-06-13 10:13:25,MA,342.24,73.0,buy,NYSE
tx_0000140,2025-06-13 10:13:32,BRK.B,287.16,517.0,buy,NYSE
tx_0004080,2025-06-13 10:13:35,DIS,177.23,466.0,buy,NYSE
tx_0007948,2025-06-13 10:13:36,DIS,177.34,821.0,sell,NYSE
tx_0001089,2025-06-13 10:13:37,MCD,237.6,657.0,buy,NYSE
tx_0000655,2025-06-13 10:13:41,PYPL,252.19,119.0,sell,NASDAQ
tx_0007228,2025-06-13 10:13:42,FB,322.38,586.0,buy,NASDAQ
tx_0004218,2025-06-13 10:13:44,NVDA,197.19,822.0,sell,NASDAQ
tx_0000176,2025-06-13 10:13:44,FB,324.72,720.0,sell,NASDAQ
tx_0008502,2025-06-13 10:13:45,PEP,151.12,178.0,sell,NYSE
tx_0004734,2025-06-13 10:13:49,NFLX,498.05,711.0,sell,NASDAQ
tx_0009012,2025-06-13 10:13:51,FB,320.76,685.0,sell,NASDAQ
tx_0005091,2025-06-13 10:13:53,BRK.B,283.93,681.0,sell,NYSE
tx_0005490,2025-06-13 10:14:01,FB,325.03,283.0,buy,NASDAQ
tx_0006851,2025-06-13 10:14:04,JNJ,167.93,401.0,buy,NYSE
tx_0005074,2025-06-13 10:14:04,FB,320.44,376.0,buy,NASDAQ
tx_0006886,2025-06-13 10:14:08,ADBE,593.25,279.0,buy,NASDAQ
tx_0000791,2025-06-13 10:14:10,NVDA,199.07,427.0,sell,NASDAQ
tx_0006469,2025-06-13 10:14:10,MCD,236.54,863.0,sell,NYSE
tx_0009594,2025-06-13 10:14:10,KO,54.53,410.0,buy,NYSE
tx_0006847,2025-06-13 10:14:11,KO,54.29,930.0,sell,NYSE
tx_0009941,2025-06-13 10:14:11,V,218.25,328.0,buy,NYSE
tx_0005786,2025-06-13 10:14:11,WMT,137.67,740.0,buy,NYSE
tx_0000214,2025-06-13 10:14:13,PYPL,253.58,771.0,,NASDAQ
tx_0009483,2025-06-13 10:14:13,DIS,176.89,46.0,buy,NYSE
tx_0008283,2025-06-13 10:14:14,AMZN,3536.0,362.0,buy,NASDAQ
tx_0006201,2025-06-13 10:14:20,NVDA,198.42,6.0,buy,NASDAQ
tx_0005913,2025-06-13 10:14:20,KO,54.66,891.0,buy,NYSE
tx_0002602,2025-06-13 10:14:21,GOOGL,2840.96,781.0,sell,NASDAQ
tx_0008157,2025-06-13 10:14:27,WMT,136.78,981.0,buy,NYSE
tx_0006425,2025-06-13 10:14:29,PYPL,252.11,596.0,sell,NASDAQ
tx_0006285,2025-06-13 10:14:31,FB,324.89,246.0,buy,NASDAQ
tx_0001832,2025-06-13 10:14:35,FB,327.15,996.0,sell,NASDAQ
tx_0001045,2025-06-13 10:14:36,TSLA,699.73,478.0,buy,NASDAQ
tx_0004500,2025-06-13 10:14:39,PEP,150.34,623.0,sell,NYSE
tx_0003496,2025-06-13 10:14:39,JNJ,166.87,611.0,sell,NYSE
tx_0005637,2025-06-13 10:14:39,ADBE,595.77,965.0,sell,NASDAQ
tx_0004989,2025-06-13 10:14:42,GOOGL,2813.59,396.0,buy,NASDAQ
tx_0003151,2025-06-13 10:14:49,MA,344.68,188.0,sell,NYSE
tx_0004236,2025-06-13 10:14:50,V,216.92,554.0,sell,NYSE
tx_0005818,2025-06-13 10:14:52,PYPL,252.11,324.0,sell,NASDAQ
tx_0004194,2025-06-13 10:14:52,WMT,136.05,868.0,buy,NYSE
tx_0003318,2025-06-13 10:14:54,FB,325.24,918.0,buy,NASDAQ
tx_0008299,2025-06-13 10:14:54,AAPL,152.56,557.0,sell,NASDAQ
tx_0002609,2025-06-13 10:15:00,JNJ,166.93,59.0,buy,NYSE
tx_0008802,2025-06-13 10:15:01,AMZN,3545.78,969.0,sell,NASDAQ
tx_0009425,2025-06-13 10:15:06,FB,323.26,600.0,sell,NASDAQ
tx_0005885,2025-06-13 10:15:07,TSLA,701.56,433.0,sell,NASDAQ
tx_0008321,2025-06-13 10:15:11,AAPL,152.05,498.0,buy,NASDAQ
tx_0008659,2025-06-13 10:15:11,PYPL,248.36,43.0,buy,NASDAQ
tx_0009481,2025-06-13 10:15:12,WMT,137.12,,sell,NYSE
tx_0006317,2025-06-13 10:15:14,WMT,138.05,428.0,sell,NYSE
tx_0007915,2025-06-13 10:15:15,BRK.B,287.97,255.0,buy,NYSE
tx_0004852,2025-06-13 10:15:17,FB,325.33,395.0,buy,NASDAQ
tx_0007861,2025-06-13 10:15:17,BRK.B,284.37,111.0,buy,NYSE
tx_0002723,2025-06-13 10:15:27,NFLX,493.59,578.0,sell,NASDAQ
tx_0005781,2025-06-13 10:15:33,WMT,137.25,92.0,sell,NYSE
tx_0002720,2025-06-13 10:15:35,FB,325.96,355.0,buy,NASDAQ
tx_0005353,2025-06-13 10:15:35,MSFT,304.25,989.0,buy,NASDAQ
tx_0006023,2025-06-13 10:15:39,NFLX,498.91,866.0,,NASDAQ
tx_0009620,2025-06-13 10:15:44,ADBE,590.42,386.0,buy,NASDAQ
tx_0002038,2025-06-13 10:15:50,NFLX,491.36,224.0,sell,NASDAQ
tx_0005258,2025-06-13 10:16:01,PG,139.23,687.0,sell,NYSE
tx_0008498,2025-06-13 10:16:01,PG,140.0,857.0,sell,NYSE
tx_0003216,2025-06-13 10:16:04,MCD,234.93,682.0,sell,NYSE
tx_0001369,2025-06-13 10:16:06,V,217.56,289.0,sell,NYSE
tx_0006126,2025-06-13 10:16:08,KO,54.14,719.0,sell,NYSE
tx_0008442,2025-06-13 10:16:09,JNJ,166.49,541.0,sell,NYSE
tx_0002699,2025-06-13 10:16:12,JNJ,167.53,533.0,sell,NYSE
tx_0004800,2025-06-13 10:16:14,MSFT,301.49,764.0,buy,NASDAQ
tx_0004999,2025-06-13 10:16:15,WMT,137.88,582.0,sell,NYSE
tx_0002050,2025-06-13 10:16:18,JNJ,164.84,231.0,sell,NYSE
tx_0001517,2025-06-13 10:16:20,BRK.B,287.98,982.0,buy,NYSE
tx_0001907,2025-06-13 10:16:21,FB,322.59,252.0,buy,NASDAQ
tx_0000732,2025-06-13 10:16:22,BRK.B,288.83,490.0,sell,
tx_0008421,2025-06-13 10:16:28,V,217.33,339.0,buy,NYSE
tx_0006719,2025-06-13 10:16:30,V,218.65,101.0,buy,NYSE
tx_0001825,2025-06-13 10:16:32,GOOGL,2824.38,455.0,sell,NASDAQ
tx_0000922,2025-06-13 10:16:32,DIS,180.88,393.0,sell,NYSE
tx_0009048,2025-06-13 10:16:36,PG,139.7,552.0,sell,NYSE
tx_0006342,2025-06-13 10:16:37,DIS,180.45,761.0,buy,NYSE
tx_0007840,2025-06-13 10:16:37,AMZN,3515.82,744.0,buy,NASDAQ
tx_0000549,2025-06-13 10:16:38,V,216.85,13.0,buy,NYSE
tx_0005128,2025-06-13 10:16:39,KO,54.01,45.0,,NYSE
tx_0009112,2025-06-13 10:16:40,TSLA,701.22,273.0,buy,NASDAQ
tx_0002915,2025-06-13 10:16:41,PYPL,250.08,788.0,sell,NASDAQ
tx_0008262,2025-06-13 10:16:42,TSLA,698.41,869.0,sell,NASDAQ
tx_0003443,2025-06-13 10:16:43,NFLX,491.76,544.0,buy,NASDAQ
tx_0005558,2025-06-13 10:16:43,PG,138.74,103.0,sell,NYSE
tx_0001197,2025-06-13 10:16:46,ADBE,599.29,918.0,sell,NASDAQ
tx_0005414,2025-06-13 10:16:48,MA,344.17,103.0,buy,NYSE
tx_0000531,2025-06-13 10:16:49,NFLX,494.05,465.0,sell,NASDAQ
tx_0003957,2025-06-13 10:16:50,MA,348.34,967.0,sell,NYSE
tx_0004942,2025-06-13 10:16:51,WMT,137.2,807.0,buy,NYSE
tx_0004116,2025-06-13 10:16:51,PEP,150.97,382.0,sell,NYSE
tx_0006298,2025-06-13 10:17:08,AAPL,151.3,784.0,sell,NASDAQ
tx_0004551,2025-06-13 10:17:12,FB,323.34,148.0,buy,NASDAQ
tx_0007069,2025-06-13 10:17:12,PEP,152.68,22.0,buy,NYSE
tx_0005262,2025-06-13 10:17:14,PYPL,250.93,55.0,buy,NASDAQ
tx_0002453,2025-06-13 10:17:15,PG,137.93,845.0,sell,NYSE
tx_0007950,2025-06-13 10:17:16,BRK.B,288.26,932.0,sell,NYSE
tx_0004145,2025-06-13 10:17:17,FB,320.96,939.0,sell,NASDAQ
tx_0001570,2025-06-13 10:17:19,JNJ,165.55,930.0,sell,NYSE
tx_0006345,2025-06-13 10:17:21,WMT,136.17,192.0,buy,NYSE
tx_0001360,2025-06-13 10:17:21,DIS,179.68,526.0,sell,NYSE
tx_0002995,2025-06-13 10:17:22,GOOGL,2770.97,508.0,buy,NASDAQ
tx_0000051,2025-06-13 10:17:23,PYPL,250.91,296.0,buy,NASDAQ
tx_0002370,2025-06-13 10:17:29,FB,324.53,493.0,sell,NASDAQ
tx_0007068,2025-06-13 10:17:32,PG,139.68,610.0,sell,NYSE
tx_0007106,2025-06-13 10:17:35,AAPL,153.88,,sell,NASDAQ
tx_0005921,2025-06-13 10:17:38,MA,351.51,147.0,buy,NYSE
tx_0008774,2025-06-13 10:17:43,JNJ,165.13,175.0,buy,NYSE
tx_0000004,2025-06-13 10:17:44,V,215.91,,buy,NYSE
tx_0004919,2025-06-13 10:17:49,MSFT,304.84,227.0,buy,NASDAQ
tx_0004752,2025-06-13 10:17:50,NVDA,198.71,758.0,sell,NASDAQ
tx_0003673,2025-06-13 10:17:51,PG,137.62,350.0,buy,NYSE
tx_0004624,2025-06-13 10:17:52,PYPL,247.7,644.0,sell,NASDAQ
tx_0007578,2025-06-13 10:17:54,MSFT,303.34,711.0,buy,NASDAQ
tx_0001894,2025-06-13 10:17:55,PYPL,251.43,460.0,sell,NASDAQ
tx_0005936,2025-06-13 10:17:55,TSLA,708.24,910.0,sell,NASDAQ
tx_0002855,2025-06-13 10:17:57,ADBE,592.13,353.0,buy,NASDAQ
tx_0005087,2025-06-13 10:18:05,AAPL,154.33,254.0,sell,NASDAQ
tx_0005746,2025-06-13 10:18:05,AAPL,154.34,835.0,buy,NASDAQ
tx_0006995,2025-06-13 10:18:10,TSLA,702.81,185.0,sell,NASDAQ
tx_0008224,2025-06-13 10:18:16,AMZN,3544.74,681.0,sell,NASDAQ
tx_0008343,2025-06-13 10:18:19,PEP,151.92,636.0,buy,NYSE
tx_0007171,2025-06-13 10:18:23,MA,345.49,123.0,sell,NYSE
tx_0004535,2025-06-13 10:18:27,JNJ,163.64,451.0,buy,NYSE
tx_0002091,2025-06-13 10:18:28,PYPL,250.47,801.0,sell,
tx_0009975,2025-06-13 10:18:32,ADBE,601.58,28.0,sell,NASDAQ
tx_0009683,2025-06-13 10:18:32,FB,324.2,891.0,sell,NASDAQ
tx_0002567,2025-06-13 10:18:33,PEP,150.66,984.0,buy,NYSE
tx_0009575,2025-06-13 10:18:36,PEP,151.55,359.0,buy,NYSE
tx_0007419,2025-06-13 10:18:40,MA,351.83,269.0,sell,NYSE
tx_0000194,2025-06-13 10:18:43,WMT,135.7,784.0,buy,NYSE
tx_0008998,2025-06-13 10:18:44,KO,54.42,605.0,sell,NYSE
tx_0006222,2025-06-13 10:18:47,PYPL,246.95,588.0,buy,NASDAQ
tx_0006598,2025-06-13 10:18:48,PEP,152.05,302.0,buy,NYSE
tx_0006606,2025-06-13 10:18:49,MCD,237.0,205.0,buy,NYSE
tx_0001007,2025-06-13 10:18:52,NFLX,494.51,88.0,buy,NASDAQ
tx_0003524,2025-06-13 10:18:54,MCD,236.24,516.0,sell,NYSE
tx_0000091,2025-06-13 10:18:57,NFLX,499.37,909.0,sell,NASDAQ
tx_0000773,2025-06-13 10:19:03,V,220.16,19.0,sell,NYSE
tx_0000262,2025-06-13 10:19:05,MSFT,304.43,418.0,buy,NASDAQ
tx_0001831,2025-06-13 10:19:08,ADBE,596.27,62.0,buy,NASDAQ
tx_0004198,2025-06-13 10:19:15,BRK.B,285.95,968.0,sell,NYSE
tx_0007940,2025-06-13 10:19:16,MSFT,302.2,581.0,sell,NASDAQ
tx_0005884,2025-06-13 10:19:19,MSFT,302.36,751.0,sell,NASDAQ
tx_0009889,2025-06-13 10:19:25,MA,346.76,13.0,sell,NYSE
tx_0000826,2025-06-13 10:19:26,MA,349.49,138.0,buy,NYSE
tx_0009736,2025-06-13 10:19:26,BRK.B,,444.0,buy,NYSE
tx_0006832,2025-06-13 10:19:27,KO,54.6,883.0,buy,NYSE
tx_0009459,2025-06-13 10:19:27,DIS,177.86,459.0,sell,NYSE
tx_0009161,2025-06-13 10:19:31,KO,54.36,832.0,sell,NYSE
tx_0000525,2025-06-13 10:19:36,GOOGL,2825.53,499.0,buy,NASDAQ
tx_0009276,2025-06-13 10:19:37,PYPL,245.84,607.0,buy,NASDAQ
tx_0003911,2025-06-13 10:19:39,FB,323.53,893.0,sell,NASDAQ
tx_0006898,2025-06-13 10:19:42,MA,349.51,595.0,sell,NYSE
tx_0005145,2025-06-13 10:19:44,ADBE,600.03,544.0,sell,NASDAQ
tx_0006105,2025-06-13 10:19:44,PG,140.58,610.0,sell,NYSE
tx_0000260,2025-06-13 10:19:46,AAPL,153.51,456.0,sell,NASDAQ
tx_0002901,2025-06-13 10:19:46,NFLX,491.89,11.0,buy,NASDAQ
tx_0003720,2025-06-13 10:19:48,PEP,153.03,439.0,buy,NYSE
tx_0001956,2025-06-13 10:19:48,MA,348.07,813.0,buy,NYSE
tx_0008476,2025-06-13 10:19:48,MCD,235.89,985.0,sell,NYSE
tx_0005744,2025-06-13 10:19:48,PG,138.3,972.0,buy,NYSE
tx_0003246,2025-06-13 10:19:52,KO,54.04,179.0,sell,NYSE
tx_0009454,2025-06-13 10:19:54,PG,138.2,713.0,buy,NYSE
tx_0004061,2025-06-13 10:19:55,PEP,151.63,52.0,buy,NYSE
tx_0008058,2025-06-13 10:19:56,NFLX,498.13,484.0,sell,NASDAQ
tx_0009262,2025-06-13 10:19:59,AMZN,3543.52,632.0,buy,NASDAQ
tx_0008704,2025-06-13 10:20:05,DIS,178.68,777.0,buy,NYSE
tx_0002757,2025-06-13 10:20:13,PG,138.0,726.0,sell,NYSE
tx_0002315,2025-06-13 10:20:14,JNJ,164.12,921.0,sell,NYSE
tx_0002481,2025-06-13 10:20:14,NVDA,199.74,693.0,buy,NASDAQ
tx_0002177,2025-06-13 10:20:16,MSFT,306.82,511.0,sell,NASDAQ
tx_0009885,2025-06-13 10:20:20,WMT,136.15,741.0,sell,NYSE
tx_0000312,2025-06-13 10:20:22,GOOGL,2810.98,238.0,buy,NASDAQ
tx_0000320,2025-06-13 10:20:23,ADBE,590.21,44.0,buy,NASDAQ
tx_0001044,2025-06-13 10:20:23,DIS,180.01,856.0,sell,NYSE
tx_0009955,2025-06-13 10:20:25,TSLA,699.25,114.0,buy,NASDAQ
tx_0009586,2025-06-13 10:20:25,GOOGL,2835.28,653.0,sell,NASDAQ
tx_0006910,2025-06-13 10:20:30,TSLA,700.21,813.0,buy,NASDAQ
tx_0009004,2025-06-13 10:20:32,NVDA,196.84,524.0,sell,NASDAQ
tx_0003035,2025-06-13 10:20:34,MSFT,306.04,132.0,sell,NASDAQ
tx_0007800,2025-06-13 10:20:40,GOOGL,2827.71,280.0,buy,NASDAQ
tx_0000855,2025-06-13 10:20:41,PG,139.35,465.0,sell,NYSE
tx_0006344,2025-06-13 10:20:52,FB,324.83,594.0,buy,NASDAQ
tx_0008238,2025-06-13 10:20:54,V,218.53,954.0,sell,NYSE
tx_0008110,2025-06-13 10:20:55,PYPL,248.49,318.0,buy,NASDAQ
tx_0009222,2025-06-13 10:20:55,NFLX,495.19,156.0,sell,NASDAQ
tx_0002387,2025-06-13 10:20:55,TSLA,716.63,435.0,buy,NASDAQ
tx_0006983,2025-06-13 10:21:02,MCD,234.24,649.0,sell,NYSE
tx_0002395,2025-06-13 10:21:03,PYPL,247.94,843.0,buy,NASDAQ
tx_0006773,2025-06-13 10:21:07,MSFT,303.67,338.0,sell,NASDAQ
tx_0002941,2025-06-13 10:21:09,NVDA,199.13,441.0,,NASDAQ
tx_0000220,2025-06-13 10:21:10,NVDA,197.5,190.0,sell,NASDAQ
tx_0008467,2025-06-13 10:21:10,PYPL,247.84,879.0,buy,NASDAQ
tx_0007672,2025-06-13 10:21:12,KO,54.61,450.0,sell,NYSE
tx_0001552,2025-06-13 10:21:13,JNJ,163.15,300.0,buy,NYSE
tx_0001595,2025-06-13 10:21:13,NFLX,496.21,961.0,sell,NASDAQ
tx_0009804,2025-06-13 10:21:14,NFLX,495.13,531.0,buy,NASDAQ
tx_0000174,2025-06-13 10:21:15,PG,138.82,72.0,sell,NYSE
tx_0001317,2025-06-13 10:21:16,PYPL,248.34,868.0,sell,NASDAQ
tx_0006996,2025-06-13 10:21:16,PG,139.48,982.0,buy,NYSE
tx_0005742,2025-06-13 10:21:16,ADBE,590.36,165.0,buy,NASDAQ
tx_0005950,2025-06-13 10:21:17,JNJ,164.43,440.0,buy,NYSE
tx_0002070,2025-06-13 10:21:18,BRK.B,286.34,899.0,buy,NYSE
tx_0008698,2025-06-13 10:21:22,ADBE,591.93,109.0,sell,NASDAQ
tx_0008329,2025-06-13 10:21:39,MA,347.61,868.0,sell,NYSE
tx_0007682,2025-06-13 10:21:41,NVDA,196.44,478.0,buy,NASDAQ
tx_0007886,2025-06-13 10:21:42,NVDA,198.37,742.0,buy,NASDAQ
tx_0001575,2025-06-13 10:21:43,GOOGL,2804.76,857.0,buy,NASDAQ
tx_0000682,2025-06-13 10:21:43,AAPL,156.02,72.0,buy,NASDAQ
tx_0003604,2025-06-13 10:21:44,DIS,180.31,72.0,sell,NYSE
tx_0001054,2025-06-13 10:21:45,WMT,136.53,219.0,buy,NYSE
tx_0002227,2025-06-13 10:21:46,MA,347.78,633.0,buy,NYSE
tx_0001555,2025-06-13 10:21:47,MA,353.08,315.0,buy,NYSE
tx_0005129,2025-06-13 10:21:49,KO,53.83,327.0,sell,NYSE
tx_0009783,2025-06-13 10:22:01,MSFT,308.46,886.0,buy,NASDAQ
tx_0004471,2025-06-13 10:22:09,PEP,152.54,598.0,sell,NYSE
tx_0008978,2025-06-13 10:22:10,FB,320.62,825.0,sell,NASDAQ
tx_0006897,2025-06-13 10:22:12,JNJ,164.61,562.0,sell,NYSE
tx_0008832,2025-06-13 10:22:13,WMT,136.3,313.0,sell,NYSE
tx_0003477,2025-06-13 10:22:14,TSLA,708.62,711.0,sell,NASDAQ
tx_0005281,2025-06-13 10:22:15,TSLA,715.42,628.0,sell,NASDAQ
tx_0004610,2025-06-13 10:22:21,PYPL,250.85,381.0,sell,NASDAQ
tx_0008797,2025-06-13 10:22:23,KO,53.63,377.0,buy,NYSE
tx_0007599,2025-06-13 10:22:29,KO,53.61,346.0,sell,NYSE
tx_0009139,2025-06-13 10:22:30,TSLA,715.18,827.0,buy,NASDAQ
tx_0003879,2025-06-13 10:22:31,PEP,151.16,721.0,buy,NYSE
tx_0004581,2025-06-13 10:22:34,BRK.B,284.47,184.0,sell,NYSE
tx_0002224,2025-06-13 10:22:39,PEP,153.17,575.0,buy,NYSE
tx_0008406,2025-06-13 10:22:39,PYPL,252.92,8.0,buy,NASDAQ
tx_0009797,2025-06-13 10:22:47,V,218.46,484.0,buy,NYSE
tx_0000914,2025-06-13 10:22:53,AAPL,153.41,469.0,sell,NASDAQ
tx_0004424,2025-06-13 10:22:53,ADBE,589.09,485.0,sell,NASDAQ
tx_0006166,2025-06-13 10:22:53,ADBE,591.59,740.0,buy,NASDAQ
tx_0003658,2025-06-13 10:22:54,ADBE,593.11,895.0,sell,NASDAQ
tx_0005926,2025-06-13 10:22:59,MA,349.48,421.0,buy,NYSE
tx_0006991,2025-06-13 10:23:00,NFLX,492.37,340.0,buy,NASDAQ
tx_0006083,2025-06-13 10:23:01,KO,53.93,128.0,sell,NYSE
tx_0003332,2025-06-13 10:23:02,NVDA,,699.0,buy,NASDAQ
tx_0008852,2025-06-13 10:23:04,GOOGL,2813.18,10.0,buy,NASDAQ
tx_0009684,2025-06-13 10:23:09,WMT,138.09,604.0,buy,NYSE
tx_0008798,2025-06-13 10:23:10,PEP,150.99,43.0,sell,NYSE
tx_0007263,2025-06-13 10:23:10,ADBE,592.23,282.0,sell,NASDAQ
tx_0007920,2025-06-13 10:23:10,PEP,153.25,115.0,buy,NYSE
tx_0002762,2025-06-13 10:23:11,MCD,234.7,234.0,buy,NYSE
tx_0000910,2025-06-13 10:23:11,MA,350.47,874.0,sell,NYSE
tx_0009724,2025-06-13 10:23:14,ADBE,585.92,698.0,sell,NASDAQ
tx_0007357,2025-06-13 10:23:19,ADBE,595.15,813.0,buy,NASDAQ
tx_0001037,2025-06-13 10:23:25,MA,348.24,638.0,buy,NYSE
tx_0009672,2025-06-13 10:23:28,V,219.34,224.0,sell,NYSE
tx_0007954,2025-06-13 10:23:29,PEP,152.27,427.0,buy,NYSE
tx_0005170,2025-06-13 10:23:31,MCD,234.72,299.0,sell,NYSE
tx_0003857,2025-06-13 10:23:31,NVDA,197.91,832.0,sell,
tx_0004414,2025-06-13 10:23:39,ADBE,586.29,275.0,sell,NASDAQ
tx_0004422,2025-06-13 10:23:46,MSFT,305.21,834.0,sell,NASDAQ
tx_0005415,2025-06-13 10:23:46,GOOGL,2848.88,924.0,buy,NASDAQ
tx_0008552,2025-06-13 10:23:53,MCD,234.87,16.0,buy,NYSE
tx_0003647,2025-06-13 10:23:53,BRK.B,281.28,861.0,sell,NYSE
tx_0003589,2025-06-13 10:23:54,JNJ,162.97,727.0,buy,NYSE
tx_0004451,2025-06-13 10:23:54,AMZN,3535.73,371.0,buy,NASDAQ
tx_0003361,2025-06-13 10:23:57,FB,322.94,887.0,sell,NASDAQ
tx_0002697,2025-06-13 10:24:00,AMZN,3495.42,137.0,sell,NASDAQ
tx_0000972,2025-06-13 10:24:05,PG,139.87,179.0,sell,NYSE
tx_0000254,2025-06-13 10:24:08,AMZN,3496.78,629.0,buy,NASDAQ
tx_0003979,2025-06-13 10:24:10,JNJ,163.45,971.0,sell,NYSE
tx_0009825,2025-06-13 10:24:12,TSLA,714.87,781.0,sell,NASDAQ
tx_0007042,2025-06-13 10:24:14,MCD,232.08,889.0,sell,NYSE
tx_0002780,2025-06-13 10:24:15,MA,350.96,20.0,sell,NYSE
tx_0005190,2025-06-13 10:24:22,MSFT,308.14,975.0,buy,NASDAQ
tx_0008179,2025-06-13 10:24:28,GOOGL,2832.61,32.0,buy,NASDAQ
tx_0009913,2025-06-13 10:24:30,PEP,151.1,666.0,sell,NYSE
tx_0009994,2025-06-13 10:24:33,PG,,47.0,buy,NYSE
tx_0004494,2025-06-13 10:24:39,ADBE,584.27,604.0,buy,NASDAQ
tx_0007906,2025-06-13 10:24:44,DIS,180.71,553.0,buy,NYSE
tx_0006581,2025-06-13 10:24:48,PYPL,252.2,395.0,sell,NASDAQ
tx_0004134,2025-06-13 10:24:48,MCD,232.41,692.0,buy,NYSE
tx_0009086,2025-06-13 10:24:48,JNJ,163.13,403.0,buy,NYSE
tx_0005612,2025-06-13 10:24:50,GOOGL,2848.25,860.0,buy,NASDAQ
tx_0003533,2025-06-13 10:24:52,PYPL,250.52,366.0,buy,NASDAQ
tx_0003771,2025-06-13 10:24:53,PEP,151.22,831.0,buy,NYSE
tx_0005113,2025-06-13 10:24:55,MA,351.36,354.0,sell,NYSE
tx_0002373,2025-06-13 10:24:56,KO,54.02,689.0,sell,NYSE
tx_0006411,2025-06-13 10:24:57,MA,355.27,664.0,buy,NYSE
tx_0003931,2025-06-13 10:25:00,TSLA,703.93,935.0,buy,NASDAQ
tx_0009578,2025-06-13 10:25:01,AAPL,155.66,55.0,buy,NASDAQ
tx_0000328,2025-06-13 10:25:02,AAPL,154.0,802.0,buy,NASDAQ
tx_0005183,2025-06-13 10:25:06,AMZN,3491.63,300.0,buy,NASDAQ
tx_0008905,2025-06-13 10:25:10,MA,351.33,626.0,buy,NYSE
tx_0001228,2025-06-13 10:25:14,NFLX,493.97,627.0,buy,NASDAQ
tx_0004545,2025-06-13 10:25:15,MCD,233.98,638.0,buy,NYSE
tx_0000700,2025-06-13 10:25:18,AAPL,156.02,537.0,buy,NASDAQ
tx_0003640,2025-06-13 10:25:22,MA,353.22,715.0,sell,NYSE
tx_0005105,2025-06-13 10:25:23,KO,54.03,86.0,sell,NYSE
tx_0007155,2025-06-13 10:25:24,JNJ,164.51,85.0,buy,NYSE
tx_0004786,2025-06-13 10:25:26,KO,53.86,575.0,sell,NYSE
tx_0009978,2025-06-13 10:25:30,PEP,151.69,650.0,buy,NYSE
tx_0009822,2025-06-13 10:25:31,V,218.13,387.0,sell,NYSE
tx_0003253,2025-06-13 10:25:33,PEP,151.49,182.0,buy,NYSE
tx_0002136,2025-06-13 10:25:38,NFLX,497.45,1000.0,buy,NASDAQ
tx_0004068,2025-06-13 10:25:39,FB,321.89,45.0,buy,NASDAQ
tx_0009810,2025-06-13 10:25:40,JNJ,163.07,47.0,buy,NYSE
tx_0000742,2025-06-13 10:25:40,NVDA,198.09,96.0,sell,NASDAQ
tx_0007891,2025-06-13 10:25:43,NFLX,492.38,602.0,sell,NASDAQ
tx_0003029,2025-06-13 10:25:44,JNJ,162.33,822.0,buy,
tx_0000161,2025-06-13 10:25:46,MSFT,306.46,395.0,sell,NASDAQ
tx_0001941,2025-06-13 10:25:46,V,217.54,583.0,sell,NYSE
tx_0002141,2025-06-13 10:25:47,AAPL,153.59,883.0,buy,NASDAQ
tx_0008773,2025-06-13 10:25:48,PYPL,251.56,758.0,buy,NASDAQ
tx_0008198,2025-06-13 10:25:50,MSFT,304.46,406.0,buy,NASDAQ
tx_0006778,2025-06-13 10:25:51,MA,355.16,570.0,sell,NYSE
tx_0007478,2025-06-13 10:25:53,TSLA,703.65,841.0,buy,NASDAQ
tx_0007460,2025-06-13 10:25:58,NVDA,196.14,960.0,buy,NASDAQ
tx_0005807,2025-06-13 10:25:58,FB,324.47,126.0,buy,NASDAQ
tx_0003448,2025-06-13 10:26:05,WMT,136.18,410.0,buy,NYSE
tx_0009201,2025-06-13 10:26:05,AAPL,154.8,797.0,sell,NASDAQ
tx_0007960,2025-06-13 10:26:10,PEP,151.75,421.0,buy,NYSE
tx_0005568,2025-06-13 10:26:10,NVDA,196.25,355.0,sell,NASDAQ
tx_0008706,2025-06-13 10:26:12,WMT,136.26,406.0,sell,NYSE
tx_0004461,2025-06-13 10:26:14,PG,139.38,703.0,sell,NYSE
tx_0004531,2025-06-13 10:26:16,GOOGL,2864.34,752.0,sell,NASDAQ
tx_0000448,2025-06-13 10:26:17,DIS,182.96,150.0,sell,NYSE
tx_0000685,2025-06-13 10:26:18,MA,352.16,50.0,sell,NYSE
tx_0004564,2025-06-13 10:26:18,GOOGL,2828.64,154.0,buy,NASDAQ
tx_0002234,2025-06-13 10:26:19,PEP,150.84,457.0,buy,NYSE
tx_0001138,2025-06-13 10:26:21,TSLA,714.41,158.0,buy,NASDAQ
tx_0001905,2025-06-13 10:26:22,BRK.B,281.24,424.0,sell,NYSE
tx_0003688,2025-06-13 10:26:23,JNJ,164.88,678.0,buy,NYSE
tx_0008385,2025-06-13 10:26:24,KO,53.92,465.0,buy,NYSE
tx_0007651,2025-06-13 10:26:25,PYPL,249.94,597.0,buy,NASDAQ
tx_0004208,2025-06-13 10:26:26,FB,325.23,419.0,sell,NASDAQ
tx_0001063,2025-06-13 10:26:35,TSLA,,126.0,buy,NASDAQ
tx_0007031,2025-06-13 10:26:37,GOOGL,2851.5,112.0,sell,NASDAQ
tx_0006259,2025-06-13 10:26:40,AAPL,155.04,564.0,buy,NASDAQ
tx_0000049,2025-06-13 10:26:42,NFLX,492.39,536.0,sell,NASDAQ
tx_0000008,2025-06-13 10:26:44,MSFT,306.39,673.0,sell,NASDAQ
tx_0003606,2025-06-13 10:26:46,WMT,137.7,240.0,buy,NYSE
tx_0005084,2025-06-13 10:26:46,KO,54.26,945.0,buy,NYSE
tx_0002329,2025-06-13 10:26:46,MSFT,306.08,888.0,buy,NASDAQ
tx_0006665,2025-06-13 10:26:47,MCD,231.47,892.0,sell,NYSE
tx_0002968,2025-06-13 10:26:52,PG,139.54,878.0,buy,NYSE
tx_0003662,2025-06-13 10:26:58,NFLX,486.38,639.0,buy,NASDAQ
tx_0005466,2025-06-13 10:27:00,MSFT,307.13,406.0,buy,NASDAQ
tx_0000276,2025-06-13 10:27:00,FB,323.77,522.0,buy,NASDAQ
tx_0007669,2025-06-13 10:27:21,FB,322.27,872.0,buy,NASDAQ
tx_0002104,2025-06-13 10:27:21,BRK.B,282.98,640.0,sell,NYSE
tx_0002426,2025-06-13 10:27:24,DIS,182.4,355.0,,NYSE
tx_0001693,2025-06-13 10:27:28,PEP,151.82,381.0,sell,NYSE
tx_0005769,2025-06-13 10:27:28,BRK.B,283.56,908.0,sell,NYSE
tx_0009482,2025-06-13 10:27:30,AMZN,3539.86,33.0,buy,NASDAQ
tx_0004144,2025-06-13 10:27:31,NFLX,494.5,914.0,buy,NASDAQ
tx_0003818,2025-06-13 10:27:34,ADBE,588.52,841.0,sell,NASDAQ
tx_0009467,2025-06-13 10:27:36,BRK.B,279.82,36.0,sell,NYSE
tx_0007256,2025-06-13 10:27:37,JNJ,164.28,93.0,buy,NYSE
tx_0002584,2025-06-13 10:27:41,MSFT,309.48,541.0,sell,NASDAQ
tx_0007983,2025-06-13 10:27:43,PG,138.76,802.0,sell,NYSE
tx_0008388,2025-06-13 10:27:43,AMZN,3490.52,484.0,sell,NASDAQ
tx_0006235,2025-06-13 10:27:45,MA,355.27,334.0,buy,NYSE
tx_0004307,2025-06-13 10:27:51,PEP,152.27,78.0,sell,NYSE
tx_0003355,2025-06-13 10:27:53,DIS,181.93,819.0,sell,NYSE
tx_0001230,2025-06-13 10:27:56,ADBE,584.05,1.0,buy,NASDAQ
tx_0009933,2025-06-13 10:27:56,FB,318.49,882.0,sell,NASDAQ
tx_0006107,2025-06-13 10:27:57,NFLX,491.14,570.0,buy,NASDAQ
tx_0007021,2025-06-13 10:27:57,KO,54.07,465.0,sell,NYSE
tx_0008838,2025-06-13 10:27:58,PYPL,251.93,977.0,buy,NASDAQ
tx_0003385,2025-06-13 10:27:58,MA,353.61,,buy,NYSE
tx_0001312,2025-06-13 10:28:01,MSFT,307.51,287.0,buy,NASDAQ
tx_0006005,2025-06-13 10:28:01,ADBE,587.99,611.0,buy,NASDAQ
tx_0003390,2025-06-13 10:28:05,AMZN,3492.56,657.0,sell,NASDAQ
tx_0002314,2025-06-13 10:28:06,GOOGL,2876.99,292.0,buy,NASDAQ
tx_0001544,2025-06-13 10:28:09,AAPL,155.48,354.0,sell,NASDAQ
tx_0004133,2025-06-13 10:28:11,FB,321.7,669.0,buy,NASDAQ
tx_0004903,2025-06-13 10:28:16,NFLX,490.31,510.0,buy,NASDAQ
tx_0006693,2025-06-13 10:28:16,MSFT,309.58,908.0,buy,NASDAQ
tx_0005035,2025-06-13 10:28:18,WMT,136.33,563.0,buy,NYSE
tx_0005553,2025-06-13 10:28:19,PG,139.8,111.0,sell,NYSE
tx_0008061,2025-06-13 10:28:24,DIS,181.63,43.0,sell,NYSE
tx_0008257,2025-06-13 10:28:24,FB,320.23,609.0,buy,NASDAQ
tx_0009749,2025-06-13 10:28:30,BRK.B,284.96,578.0,buy,NYSE
tx_0007832,2025-06-13 10:28:33,MCD,230.97,341.0,buy,NYSE
tx_0004998,2025-06-13 10:28:35,MA,353.68,589.0,buy,NYSE
tx_0003715,2025-06-13 10:28:36,MA,354.51,641.0,buy,NYSE
tx_0008386,2025-06-13 10:28:37,BRK.B,283.97,463.0,sell,
tx_0001908,2025-06-13 10:28:38,DIS,182.96,826.0,buy,NYSE
tx_0006538,2025-06-13 10:28:38,MSFT,305.25,93.0,sell,NASDAQ
tx_0006671,2025-06-13 10:28:40,AAPL,155.68,752.0,buy,NASDAQ
tx_0001006,2025-06-13 10:28:46,ADBE,585.13,664.0,sell,NASDAQ
tx_0009081,2025-06-13 10:28:48,AAPL,155.85,974.0,buy,NASDAQ
tx_0007073,2025-06-13 10:28:48,BRK.B,280.67,384.0,sell,NYSE
tx_0001967,2025-06-13 10:28:55,MA,358.23,554.0,sell,
tx_0009217,2025-06-13 10:29:01,MA,354.61,621.0,buy,NYSE
tx_0009566,2025-06-13 10:29:02,MA,357.1,97.0,sell,NYSE
tx_0002318,2025-06-13 10:29:04,PYPL,253.98,654.0,sell,NASDAQ
tx_0007379,2025-06-13 10:29:04,TSLA,709.78,307.0,sell,NASDAQ
tx_0002701,2025-06-13 10:29:08,MCD,230.28,94.0,sell,NYSE
tx_0002627,2025-06-13 10:29:15,NVDA,197.62,672.0,sell,NASDAQ
tx_0009015,2025-06-13 10:29:17,MCD,231.19,18.0,sell,NYSE
tx_0008748,2025-06-13 10:29:20,MSFT,305.27,78.0,sell,NASDAQ
tx_0005383,2025-06-13 10:29:20,GOOGL,2866.94,449.0,sell,NASDAQ
tx_0006901,2025-06-13 10:29:30,MA,354.05,50.0,sell,NYSE
tx_0002068,2025-06-13 10:29:30,MCD,232.02,908.0,buy,NYSE
tx_0005321,2025-06-13 10:29:30,MSFT,310.83,384.0,buy,NASDAQ
tx_0008062,2025-06-13 10:29:42,MCD,231.75,979.0,buy,NYSE
tx_0006183,2025-06-13 10:29:43,MA,354.31,312.0,sell,NYSE
tx_0001293,2025-06-13 10:29:45,ADBE,585.84,740.0,sell,NASDAQ
tx_0004927,2025-06-13 10:29:47,PYPL,252.96,57.0,sell,NASDAQ
tx_0006611,2025-06-13 10:29:48,GOOGL,2829.96,376.0,sell,NASDAQ
tx_0009865,2025-06-13 10:29:51,ADBE,588.69,259.0,buy,NASDAQ
tx_0003528,2025-06-13 10:29:51,MSFT,309.91,187.0,buy,NASDAQ
tx_0005560,2025-06-13 10:29:59,MSFT,310.84,455.0,sell,NASDAQ
tx_0007787,2025-06-13 10:30:06,KO,53.96,1000.0,sell,NYSE
tx_0002664,2025-06-13 10:30:12,MSFT,309.96,519.0,buy,NASDAQ
tx_0007674,2025-06-13 10:30:25,DIS,184.3,121.0,buy,NYSE
tx_0000635,2025-06-13 10:30:28,BRK.B,281.73,535.0,sell,NYSE
tx_0000096,2025-06-13 10:30:39,AAPL,155.19,569.0,buy,NASDAQ
tx_0004543,2025-06-13 10:30:40,V,222.01,611.0,sell,NYSE
tx_0006372,2025-06-13 10:30:41,NVDA,199.49,685.0,buy,NASDAQ
tx_0009450,2025-06-13 10:30:47,ADBE,591.04,912.0,sell,NASDAQ
tx_0007223,2025-06-13 10:30:49,WMT,138.52,998.0,buy,NYSE
tx_0005792,2025-06-13 10:30:58,NVDA,196.32,297.0,sell,NASDAQ
tx_0000457,2025-06-13 10:30:58,JNJ,162.37,830.0,buy,NYSE
tx_0005193,2025-06-13 10:31:01,DIS,181.25,202.0,sell,NYSE
tx_0002782,2025-06-13 10:31:02,V,219.98,31.0,sell,NYSE
tx_0009997,2025-06-13 10:31:03,JNJ,164.06,531.0,buy,NYSE
tx_0000143,2025-06-13 10:31:03,FB,323.27,371.0,buy,NASDAQ
tx_0004784,2025-06-13 10:31:04,KO,54.19,619.0,sell,NYSE
tx_0007649,2025-06-13 10:31:04,WMT,139.54,847.0,sell,NYSE
tx_0005732,2025-06-13 10:31:07,PEP,152.52,693.0,buy,NYSE
tx_0002997,2025-06-13 10:31:08,MCD,233.7,570.0,sell,NYSE
tx_0002169,2025-06-13 10:31:08,V,220.7,928.0,buy,NYSE
tx_0006894,2025-06-13 10:31:10,PG,140.21,101.0,sell,NYSE
tx_0006799,2025-06-13 10:31:11,MSFT,306.23,,sell,NASDAQ
tx_0003534,2025-06-13 10:31:12,MCD,,215.0,buy,NYSE
tx_0003756,2025-06-13 10:31:12,V,221.1,377.0,sell,NYSE
tx_0005540,2025-06-13 10:31:12,PG,139.68,100.0,sell,NYSE
tx_0002371,2025-06-13 10:31:13,GOOGL,2865.66,508.0,buy,NASDAQ
tx_0000196,2025-06-13 10:31:14,V,222.49,303.0,buy,NYSE
tx_0006287,2025-06-13 10:31:17,MA,354.48,328.0,sell,NYSE
tx_0003955,2025-06-13 10:31:25,NFLX,487.12,170.0,sell,NASDAQ
tx_0006876,2025-06-13 10:31:26,PG,139.87,95.0,sell,NYSE
tx_0009331,2025-06-13 10:31:28,ADBE,588.0,934.0,sell,NASDAQ
tx_0003516,2025-06-13 10:31:32,JNJ,161.4,660.0,sell,NYSE
tx_0003299,2025-06-13 10:31:32,GOOGL,2841.04,881.0,buy,NASDAQ
tx_0006556,2025-06-13 10:31:44,KO,54.27,554.0,sell,NYSE
tx_0002656,2025-06-13 10:31:45,AMZN,3507.07,926.0,sell,NASDAQ
tx_0006393,2025-06-13 10:31:48,AAPL,155.26,776.0,sell,NASDAQ
tx_0004370,2025-06-13 10:31:50,BRK.B,283.39,336.0,buy,NYSE
tx_0003560,2025-06-13 10:31:56,FB,319.1,801.0,sell,NASDAQ
tx_0001091,2025-06-13 10:31:59,PYPL,253.67,156.0,buy,NASDAQ
tx_0001308,2025-06-13 10:32:00,NFLX,491.18,554.0,buy,NASDAQ
tx_0003148,2025-06-13 10:32:01,FB,317.82,141.0,sell,NASDAQ
tx_0002474,2025-06-13 10:32:08,KO,53.61,449.0,sell,NYSE
tx_0000292,2025-06-13 10:32:08,AMZN,3556.88,12.0,buy,NASDAQ
tx_0005261,2025-06-13 10:32:09,MCD,233.63,30.0,sell,NYSE
tx_0003191,2025-06-13 10:32:10,PEP,150.48,858.0,buy,NYSE
tx_0009942,2025-06-13 10:32:11,WMT,138.5,773.0,sell,NYSE
tx_0002157,2025-06-13 10:32:12,MA,354.04,656.0,sell,NYSE
tx_0009834,2025-06-13 10:32:14,AMZN,3557.59,315.0,buy,NASDAQ
tx_0008277,2025-06-13 10:32:14,AMZN,3523.74,369.0,buy,NASDAQ
tx_0008013,2025-06-13 10:32:19,NFLX,488.44,164.0,sell,NASDAQ
tx_0000839,2025-06-13 10:32:20,KO,53.84,536.0,sell,NYSE
tx_0005398,2025-06-13 10:32:21,GOOGL,2823.56,755.0,sell,NASDAQ
tx_0006413,2025-06-13 10:32:24,PYPL,255.99,305.0,buy,NASDAQ
tx_0005182,2025-06-13 10:32:24,WMT,137.63,292.0,sell,NYSE
tx_0000607,2025-06-13 10:32:27,TSLA,711.91,751.0,sell,NASDAQ
tx_0008227,2025-06-13 10:32:29,MCD,233.68,100.0,buy,NYSE
tx_0004086,2025-06-13 10:32:30,DIS,181.91,483.0,sell,NYSE
tx_0009707,2025-06-13 10:32:39,DIS,183.09,754.0,buy,NYSE
tx_0005821,2025-06-13 10:32:39,FB,322.99,374.0,sell,NASDAQ
tx_0000597,2025-06-13 10:32:48,AAPL,154.73,823.0,buy,NASDAQ
tx_0002862,2025-06-13 10:32:51,MCD,230.2,480.0,buy,NYSE
tx_0001795,2025-06-13 10:32:51,NFLX,485.38,676.0,buy,NASDAQ
tx_0003204,2025-06-13 10:32:51,NVDA,197.66,349.0,sell,NASDAQ
tx_0005282,2025-06-13 10:32:52,MCD,233.09,444.0,buy,NYSE
tx_0007765,2025-06-13 10:32:52,AMZN,3498.75,958.0,sell,NASDAQ
tx_0001099,2025-06-13 10:32:52,AAPL,153.57,356.0,buy,NASDAQ
tx_0002394,2025-06-13 10:32:56,NVDA,199.07,20.0,buy,NASDAQ
tx_0009058,2025-06-13 10:32:58,NFLX,486.59,4.0,,NASDAQ
tx_0002911,2025-06-13 10:32:59,AMZN,3553.67,533.0,buy,NASDAQ
tx_0006532,2025-06-13 10:33:06,PYPL,255.25,237.0,buy,NASDAQ
tx_0009351,2025-06-13 10:33:08,GOOGL,2832.47,203.0,buy,NASDAQ
tx_0009064,2025-06-13 10:33:10,V,222.89,783.0,buy,NYSE
tx_0002458,2025-06-13 10:33:10,BRK.B,281.85,336.0,buy,NYSE
tx_0007023,2025-06-13 10:33:12,GOOGL,2844.19,240.0,sell,NASDAQ
tx_0000172,2025-06-13 10:33:13,WMT,138.01,142.0,sell,NYSE
tx_0008087,2025-06-13 10:33:13,WMT,139.17,722.0,sell,NYSE
tx_0002907,2025-06-13 10:33:25,AMZN,3517.27,520.0,buy,NASDAQ
tx_0005192,2025-06-13 10:33:26,NVDA,195.7,380.0,sell,NASDAQ
tx_0005323,2025-06-13 10:33:26,WMT,139.23,626.0,buy,NYSE
tx_0006440,2025-06-13 10:33:28,ADBE,589.32,466.0,buy,NASDAQ
tx_0007575,2025-06-13 10:33:29,FB,318.51,,buy,NASDAQ
tx_0003557,2025-06-13 10:33:35,MA,352.67,967.0,sell,NYSE
tx_0009093,2025-06-13 10:33:36,WMT,139.76,226.0,sell,NYSE
tx_0005971,2025-06-13 10:33:41,KO,53.95,989.0,buy,NYSE
tx_0009457,2025-06-13 10:33:42,BRK.B,284.41,397.0,buy,NYSE
tx_0005713,2025-06-13 10:33:46,ADBE,591.9,787.0,sell,NASDAQ
tx_0009040,2025-06-13 10:33:50,DIS,181.03,590.0,sell,NYSE
tx_0007412,2025-06-13 10:33:51,DIS,182.27,624.0,buy,NYSE
tx_0009628,2025-06-13 10:33:56,V,219.14,762.0,buy,NYSE
tx_0006302,2025-06-13 10:33:59,TSLA,702.3,860.0,buy,NASDAQ
tx_0008625,2025-06-13 10:34:03,WMT,138.68,162.0,sell,NYSE
tx_0002150,2025-06-13 10:34:12,TSLA,705.09,124.0,sell,NASDAQ
tx_0002928,2025-06-13 10:34:12,DIS,182.28,318.0,sell,NYSE
tx_0002739,2025-06-13 10:34:14,WMT,139.85,406.0,buy,NYSE
tx_0007935,2025-06-13 10:34:20,NVDA,196.21,,sell,NASDAQ
tx_0001599,2025-06-13 10:34:21,NVDA,196.7,663.0,sell,NASDAQ
tx_0009333,2025-06-13 10:34:22,WMT,138.46,1000.0,buy,NYSE
tx_0008601,2025-06-13 10:34:24,ADBE,587.66,272.0,sell,NASDAQ
tx_0003574,2025-06-13 10:34:25,MSFT,310.3,677.0,buy,NASDAQ
tx_0007353,2025-06-13 10:34:25,MA,358.9,287.0,buy,NYSE
tx_0004137,2025-06-13 10:34:28,BRK.B,279.91,542.0,sell,NYSE
tx_0000432,2025-06-13 10:34:29,JNJ,163.56,315.0,sell,NYSE
tx_0009989,2025-06-13 10:34:29,NVDA,197.58,507.0,sell,NASDAQ
tx_0007709,2025-06-13 10:34:30,AAPL,155.53,848.0,buy,NASDAQ
tx_0007465,2025-06-13 10:34:31,PEP,150.54,340.0,sell,NYSE
tx_0000061,2025-06-13 10:34:34,PEP,149.0,397.0,buy,NYSE
tx_0005328,2025-06-13 10:34:34,GOOGL,2857.31,623.0,buy,NASDAQ
tx_0004367,2025-06-13 10:34:36,NVDA,198.07,389.0,buy,NASDAQ
tx_0004323,2025-06-13 10:34:36,PEP,149.98,943.0,sell,NYSE
tx_0000137,2025-06-13 10:34:40,GOOGL,2845.31,532.0,buy,NASDAQ
tx_0004721,2025-06-13 10:34:45,PG,140.17,259.0,buy,NYSE
tx_0009962,2025-06-13 10:34:45,FB,,364.0,buy,NASDAQ
tx_0001784,2025-06-13 10:34:46,WMT,140.13,589.0,sell,NYSE
tx_0009291,2025-06-13 10:34:47,MSFT,305.87,260.0,sell,NASDAQ
tx_0007512,2025-06-13 10:34:54,JNJ,161.76,999.0,sell,NYSE
tx_0005539,2025-06-13 10:35:00,WMT,137.75,394.0,buy,NYSE
tx_0001889,2025-06-13 10:35:00,FB,319.63,204.0,sell,NASDAQ
tx_0006281,2025-06-13 10:35:07,TSLA,714.42,257.0,buy,NASDAQ
tx_0000128,2025-06-13 10:35:07,JNJ,162.21,790.0,buy,NYSE
tx_0005886,2025-06-13 10:35:22,AMZN,3528.19,776.0,buy,NASDAQ
tx_0000226,2025-06-13 10:35:23,TSLA,701.85,373.0,sell,NASDAQ
tx_0005890,2025-06-13 10:35:25,WMT,138.41,935.0,buy,NYSE
tx_0006972,2025-06-13 10:35:27,MA,357.85,990.0,buy,NYSE
tx_0006432,2025-06-13 10:35:29,AMZN,3535.65,248.0,buy,NASDAQ
tx_0005303,2025-06-13 10:35:29,WMT,139.8,216.0,buy,NYSE
tx_0009301,2025-06-13 10:35:30,AAPL,153.93,303.0,sell,NASDAQ
tx_0008202,2025-06-13 10:35:30,GOOGL,2810.1,393.0,sell,NASDAQ
tx_0004591,2025-06-13 10:35:31,FB,316.61,958.0,sell,NASDAQ
tx_0005127,2025-06-13 10:35:34,TSLA,713.11,460.0,buy,NASDAQ
tx_0006052,2025-06-13 10:35:39,MCD,234.09,694.0,sell,NYSE
tx_0004563,2025-06-13 10:35:39,DIS,182.97,560.0,sell,NYSE
tx_0006333,2025-06-13 10:35:42,ADBE,585.04,266.0,sell,NASDAQ
tx_0008105,2025-06-13 10:35:55,MA,356.04,78.0,sell,NYSE
tx_0009358,2025-06-13 10:35:56,KO,53.5,774.0,sell,NYSE
tx_0001120,2025-06-13 10:35:57,PG,139.84,693.0,sell,NYSE
tx_0003823,2025-06-13 10:35:57,GOOGL,2861.17,189.0,buy,NASDAQ
tx_0001998,2025-06-13 10:35:57,V,218.02,177.0,sell,NYSE
tx_0004605,2025-06-13 10:35:57,ADBE,591.71,880.0,buy,NASDAQ
tx_0005712,2025-06-13 10:35:58,ADBE,586.77,863.0,sell,NASDAQ
tx_0002657,2025-06-13 10:35:58,NVDA,198.79,33.0,sell,NASDAQ
tx_0004216,2025-06-13 10:35:59,PEP,149.75,839.0,sell,NYSE
tx_0005752,2025-06-13 10:36:00,V,221.52,836.0,buy,NYSE
tx_0003722,2025-06-13 10:36:02,PYPL,254.34,435.0,buy,NASDAQ
tx_0004590,2025-06-13 10:36:05,PYPL,252.7,321.0,buy,NASDAQ
tx_0002515,2025-06-13 10:36:06,MSFT,307.63,447.0,buy,NASDAQ
tx_0001975,2025-06-13 10:36:06,PEP,149.21,166.0,buy,NYSE
tx_0002446,2025-06-13 10:36:07,ADBE,594.43,776.0,buy,NASDAQ
tx_0003048,2025-06-13 10:36:12,FB,321.81,370.0,buy,NASDAQ
tx_0006066,2025-06-13 10:36:14,PG,140.96,225.0,buy,NYSE
tx_0005486,2025-06-13 10:36:15,WMT,138.1,517.0,sell,NYSE
tx_0006002,2025-06-13 10:36:16,TSLA,702.46,263.0,sell,NASDAQ
tx_0007680,2025-06-13 10:36:19,AAPL,155.26,36.0,buy,NASDAQ
tx_0003990,2025-06-13 10:36:20,PYPL,254.02,413.0,buy,NASDAQ
tx_0002871,2025-06-13 10:36:24,AMZN,3573.35,88.0,buy,NASDAQ
tx_0003428,2025-06-13 10:36:24,AMZN,3550.45,515.0,sell,NASDAQ
tx_0000069,2025-06-13 10:36:24,PYPL,252.31,153.0,sell,NASDAQ
tx_0009660,2025-06-13 10:36:25,MA,349.6,780.0,sell,NYSE
tx_0000066,2025-06-13 10:36:26,BRK.B,284.82,415.0,buy,NYSE
tx_0003765,2025-06-13 10:36:27,ADBE,585.01,52.0,sell,NASDAQ
tx_0001535,2025-06-13 10:36:27,V,219.66,444.0,sell,NYSE
tx_0008066,2025-06-13 10:36:34,FB,318.47,395.0,buy,NASDAQ
tx_0006111,2025-06-13 10:36:36,FB,316.98,752.0,sell,NASDAQ
tx_0002108,2025-06-13 10:36:43,PYPL,255.31,63.0,buy,NASDAQ
tx_0000278,2025-06-13 10:36:49,DIS,182.89,828.0,buy,NYSE
tx_0008816,2025-06-13 10:36:51,WMT,138.44,598.0,sell,NYSE
tx_0004522,2025-06-13 10:36:52,GOOGL,2875.19,886.0,buy,NASDAQ
tx_0007316,2025-06-13 10:36:57,PEP,150.88,189.0,buy,NYSE
tx_0009826,2025-06-13 10:37:00,PEP,148.53,295.0,sell,NYSE
tx_0001146,2025-06-13 10:37:01,AMZN,3533.52,44.0,sell,NASDAQ
tx_0004265,2025-06-13 10:37:02,NFLX,479.89,236.0,buy,NASDAQ
tx_0003661,2025-06-13 10:37:03,KO,54.19,573.0,buy,NYSE
tx_0009996,2025-06-13 10:37:07,PYPL,253.44,616.0,sell,NASDAQ
tx_0004453,2025-06-13 10:37:16,AAPL,155.63,650.0,buy,NASDAQ
tx_0007959,2025-06-13 10:37:18,WMT,137.54,3.0,buy,NYSE
tx_0007168,2025-06-13 10:37:20,V,220.14,162.0,buy,NYSE
