transaction_id,timestamp,stock_symbol,price,quantity,order_type,exchange
tx_0006340,2025-06-07 09:30:01,PYPL,251.06,28,sell,NASDAQ
tx_0002432,2025-06-07 09:30:01,PG,140.34,637,sell,NYSE
tx_0002782,2025-06-07 09:30:02,KO,54.94,43,buy,NYSE
tx_0001068,2025-06-07 09:30:02,PYPL,249.16,954,sell,NASDAQ
tx_0000681,2025-06-07 09:30:03,AMZN,3495.06,704,sell,NASDAQ
tx_0004718,2025-06-07 09:30:06,PG,139.2,748,sell,NYSE
tx_0007880,2025-06-07 09:30:10,PG,140.3,854,sell,NYSE
tx_0000536,2025-06-07 09:30:10,FB,332.63,744,buy,NASDAQ
tx_0005363,2025-06-07 09:30:17,GOOGL,2781.38,379,sell,NASDAQ
tx_0001052,2025-06-07 09:30:17,PYPL,252.36,325,buy,NASDAQ
tx_0009118,2025-06-07 09:30:25,GOOGL,2803.49,17,sell,NASDAQ
tx_0005903,2025-06-07 09:30:27,WMT,140.45,813,sell,NYSE
tx_0002121,2025-06-07 09:30:29,BRK.B,278.96,220,buy,NYSE
tx_0001138,2025-06-07 09:30:33,MA,348.1,768,buy,NYSE
tx_0001179,2025-06-07 09:30:35,TSLA,702.06,353,sell,NASDAQ
tx_0003581,2025-06-07 09:30:39,PYPL,251.67,14,buy,NASDAQ
tx_0008834,2025-06-07 09:30:41,PG,141.04,610,buy,NYSE
tx_0001192,2025-06-07 09:30:43,KO,55.16,751,buy,NYSE
tx_0008236,2025-06-07 09:30:43,ADBE,600.71,839,buy,NASDAQ
tx_0002724,2025-06-07 09:30:48,KO,55.6,280,sell,NYSE
tx_0000105,2025-06-07 09:30:49,PYPL,249.92,492,buy,NASDAQ
tx_0003447,2025-06-07 09:30:52,TSLA,703.49,780,buy,NASDAQ
tx_0003603,2025-06-07 09:31:01,PEP,150.49,858,sell,NYSE
tx_0000888,2025-06-07 09:31:01,JNJ,169.98,405,buy,NYSE
tx_0000919,2025-06-07 09:31:04,PEP,149.38,541,sell,NYSE
tx_0003099,2025-06-07 09:31:10,DIS,178.68,395,sell,NYSE
tx_0005262,2025-06-07 09:31:11,JNJ,168.44,569,sell,NYSE
tx_0006342,2025-06-07 09:31:12,MCD,250.04,629,sell,NYSE
tx_0003916,2025-06-07 09:31:15,NVDA,201.6,164,buy,NASDAQ
tx_0002799,2025-06-07 09:31:24,MSFT,301.15,319,sell,NASDAQ
tx_0005445,2025-06-07 09:31:27,WMT,139.65,731,buy,NYSE
tx_0004080,2025-06-07 09:31:33,NFLX,502.64,271,sell,NASDAQ
tx_0003187,2025-06-07 09:31:34,TSLA,694.33,520,sell,NASDAQ
tx_0002214,2025-06-07 09:31:37,AAPL,150.6,710,sell,NASDAQ
tx_0002832,2025-06-07 09:31:46,PG,142.19,804,buy,NYSE
tx_0002611,2025-06-07 09:31:47,V,219.94,163,buy,NYSE
tx_0001596,2025-06-07 09:31:47,JNJ,168.9,236,buy,NYSE
tx_0007144,2025-06-07 09:31:49,PEP,152.28,323,sell,NYSE
tx_0000884,2025-06-07 09:31:50,PEP,149.61,74,buy,NYSE
tx_0009441,2025-06-07 09:31:52,PG,140.61,168,sell,NYSE
tx_0000113,2025-06-07 09:31:56,JNJ,168.51,986,buy,NYSE
tx_0004344,2025-06-07 09:32:00,PEP,150.73,303,sell,NYSE
tx_0004125,2025-06-07 09:32:06,DIS,181.7,620,buy,NYSE
tx_0001950,2025-06-07 09:32:09,MA,355.31,225,sell,NYSE
tx_0005792,2025-06-07 09:32:12,PEP,150.89,656,sell,NYSE
tx_0004582,2025-06-07 09:32:14,V,223.37,627,buy,NYSE
tx_0007239,2025-06-07 09:32:14,FB,333.52,616,sell,NASDAQ
tx_0007209,2025-06-07 09:32:15,V,223.87,312,buy,NYSE
tx_0001087,2025-06-07 09:32:16,PEP,150.04,657,sell,NYSE
tx_0008878,2025-06-07 09:32:17,JNJ,171.85,992,buy,NYSE
tx_0004668,2025-06-07 09:32:18,MA,353.3,814,buy,NYSE
tx_0003786,2025-06-07 09:32:23,DIS,181.9,894,sell,NYSE
tx_0007753,2025-06-07 09:32:26,PG,140.06,415,sell,NYSE
tx_0007749,2025-06-07 09:32:30,PEP,149.51,934,sell,NYSE
tx_0008803,2025-06-07 09:32:30,V,224.18,149,sell,NYSE
tx_0006076,2025-06-07 09:32:34,GOOGL,2800.95,842,buy,NASDAQ
tx_0001328,2025-06-07 09:32:35,GOOGL,2805.68,734,sell,NASDAQ
tx_0001203,2025-06-07 09:32:35,NFLX,492.07,771,sell,NASDAQ
tx_0008217,2025-06-07 09:32:36,MCD,247.88,478,sell,NYSE
tx_0003007,2025-06-07 09:32:37,GOOGL,2813.33,740,buy,NASDAQ
tx_0009223,2025-06-07 09:32:38,KO,55.25,385,buy,NYSE
tx_0006648,2025-06-07 09:32:38,GOOGL,2796.98,215,buy,NASDAQ
tx_0003444,2025-06-07 09:32:40,MCD,252.76,690,sell,NYSE
tx_0000076,2025-06-07 09:32:43,AAPL,149.97,487,buy,NASDAQ
tx_0000630,2025-06-07 09:32:45,TSLA,699.89,752,buy,NASDAQ
tx_0008857,2025-06-07 09:32:46,NVDA,200.58,911,buy,NASDAQ
tx_0002883,2025-06-07 09:32:47,WMT,140.13,219,buy,NYSE
tx_0006028,2025-06-07 09:32:47,MA,350.39,673,buy,NYSE
tx_0009049,2025-06-07 09:32:48,KO,55.93,608,sell,NYSE
tx_0004497,2025-06-07 09:32:51,BRK.B,282.18,735,buy,NYSE
tx_0001727,2025-06-07 09:32:52,PYPL,250.02,770,sell,NASDAQ
tx_0003234,2025-06-07 09:32:54,WMT,140.36,255,buy,NYSE
tx_0007525,2025-06-07 09:32:55,KO,55.98,847,buy,NYSE
tx_0005862,2025-06-07 09:32:56,PG,141.18,643,buy,NYSE
tx_0004417,2025-06-07 09:33:01,NVDA,202.92,163,sell,NASDAQ
tx_0004319,2025-06-07 09:33:10,WMT,139.67,518,sell,NYSE
tx_0003465,2025-06-07 09:33:11,JNJ,171.66,536,buy,NYSE
tx_0009847,2025-06-07 09:33:20,V,225.15,91,sell,NYSE
tx_0001631,2025-06-07 09:33:24,NVDA,202.37,950,buy,NASDAQ
tx_0008690,2025-06-07 09:33:25,FB,330.79,328,sell,NASDAQ
tx_0005768,2025-06-07 09:33:27,GOOGL,2819.73,831,buy,NASDAQ
tx_0003775,2025-06-07 09:33:28,DIS,181.58,680,buy,NYSE
tx_0000239,2025-06-07 09:33:33,PG,140.79,188,buy,NYSE
tx_0009771,2025-06-07 09:33:35,NFLX,503.38,89,buy,NASDAQ
tx_0005908,2025-06-07 09:33:36,DIS,181.23,416,sell,NYSE
tx_0002536,2025-06-07 09:33:39,ADBE,596.2,947,sell,NASDAQ
tx_0008249,2025-06-07 09:33:40,JNJ,169.61,35,buy,NYSE
tx_0002872,2025-06-07 09:33:43,WMT,141.69,553,sell,NYSE
tx_0009675,2025-06-07 09:33:43,MA,352.73,89,buy,NYSE
tx_0005179,2025-06-07 09:33:44,PG,141.46,4,sell,NYSE
tx_0004339,2025-06-07 09:33:46,ADBE,602.38,899,buy,NASDAQ
tx_0005410,2025-06-07 09:33:47,TSLA,703.73,205,buy,NASDAQ
tx_0005869,2025-06-07 09:33:56,BRK.B,281.89,23,buy,NYSE
tx_0009009,2025-06-07 09:34:01,AAPL,148.36,718,buy,NASDAQ
tx_0003229,2025-06-07 09:34:01,PYPL,249.81,766,buy,NASDAQ
tx_0001776,2025-06-07 09:34:05,PG,140.85,628,sell,NYSE
tx_0008856,2025-06-07 09:34:06,V,225.76,942,buy,NYSE
tx_0003769,2025-06-07 09:34:07,PEP,151.86,121,buy,NYSE
tx_0004864,2025-06-07 09:34:07,MA,351.77,989,buy,NYSE
tx_0004859,2025-06-07 09:34:08,FB,327.1,852,sell,NASDAQ
tx_0009288,2025-06-07 09:34:11,MSFT,300.55,337,buy,NASDAQ
tx_0007380,2025-06-07 09:34:13,AMZN,3487.83,278,buy,NASDAQ
tx_0005091,2025-06-07 09:34:13,FB,328.09,711,sell,NASDAQ
tx_0000262,2025-06-07 09:34:14,PG,141.04,481,sell,NYSE
tx_0003878,2025-06-07 09:34:14,V,223.3,476,sell,NYSE
tx_0002447,2025-06-07 09:34:17,MCD,249.27,637,sell,NYSE
tx_0007089,2025-06-07 09:34:21,MA,350.85,405,buy,NYSE
tx_0003944,2025-06-07 09:34:24,PEP,150.21,345,sell,NYSE
tx_0008212,2025-06-07 09:34:26,WMT,141.93,346,sell,NYSE
tx_0009303,2025-06-07 09:34:27,JNJ,169.13,948,buy,NYSE
tx_0005323,2025-06-07 09:34:31,PG,141.53,287,sell,NYSE
tx_0001073,2025-06-07 09:34:31,AMZN,3499.06,33,sell,NASDAQ
tx_0005119,2025-06-07 09:34:37,NVDA,199.08,863,sell,NASDAQ
tx_0006601,2025-06-07 09:34:37,DIS,182.7,535,sell,NYSE
tx_0006006,2025-06-07 09:34:38,PEP,151.72,486,sell,NYSE
tx_0006335,2025-06-07 09:34:42,WMT,140.74,558,buy,NYSE
tx_0008022,2025-06-07 09:34:45,KO,55.89,110,sell,NYSE
tx_0008605,2025-06-07 09:34:48,AMZN,3460.05,250,sell,NASDAQ
tx_0008689,2025-06-07 09:34:55,MCD,248.34,694,sell,NYSE
tx_0002835,2025-06-07 09:34:55,ADBE,594.48,928,buy,NASDAQ
tx_0003720,2025-06-07 09:34:55,KO,56.17,339,sell,NYSE
tx_0007410,2025-06-07 09:34:56,MA,354.7,753,sell,NYSE
tx_0000989,2025-06-07 09:34:57,FB,332.03,995,sell,NASDAQ
tx_0009983,2025-06-07 09:34:59,FB,326.49,180,buy,NASDAQ
tx_0002607,2025-06-07 09:34:59,NVDA,200.5,317,buy,NASDAQ
tx_0006501,2025-06-07 09:35:00,MCD,251.31,330,sell,NYSE
tx_0007456,2025-06-07 09:35:03,DIS,183.01,251,buy,NYSE
tx_0006494,2025-06-07 09:35:04,PYPL,250.1,632,sell,NASDAQ
tx_0003693,2025-06-07 09:35:08,MCD,248.59,38,buy,NYSE
tx_0008538,2025-06-07 09:35:10,WMT,141.38,769,sell,NYSE
tx_0001759,2025-06-07 09:35:13,WMT,141.33,971,sell,NYSE
tx_0007001,2025-06-07 09:35:13,AMZN,3452.62,53,sell,NASDAQ
tx_0009054,2025-06-07 09:35:15,NFLX,501.62,872,buy,NASDAQ
tx_0006503,2025-06-07 09:35:15,WMT,139.63,982,sell,NYSE
tx_0001748,2025-06-07 09:35:20,MSFT,303.07,157,buy,NASDAQ
tx_0006372,2025-06-07 09:35:22,PYPL,253.65,361,sell,NASDAQ
tx_0009386,2025-06-07 09:35:23,JNJ,168.62,491,sell,NYSE
tx_0003626,2025-06-07 09:35:27,MA,356.43,482,sell,NYSE
tx_0009266,2025-06-07 09:35:28,NVDA,199.2,719,buy,NASDAQ
tx_0009207,2025-06-07 09:35:30,TSLA,701.7,8,sell,NASDAQ
tx_0009920,2025-06-07 09:35:30,DIS,182.39,723,buy,NYSE
tx_0003679,2025-06-07 09:35:31,PG,143.56,220,buy,NYSE
tx_0002488,2025-06-07 09:35:33,WMT,141.43,918,buy,NYSE
tx_0000732,2025-06-07 09:35:34,DIS,181.03,930,buy,NYSE
tx_0001846,2025-06-07 09:35:38,AAPL,148.3,254,buy,NASDAQ
tx_0003638,2025-06-07 09:35:38,ADBE,589.59,732,buy,NASDAQ
tx_0009326,2025-06-07 09:35:43,NVDA,200.46,703,sell,NASDAQ
tx_0001577,2025-06-07 09:35:43,GOOGL,2785.74,473,sell,NASDAQ
tx_0002763,2025-06-07 09:35:48,WMT,140.15,77,sell,NYSE
tx_0000751,2025-06-07 09:35:52,PG,142.47,140,buy,NYSE
tx_0001787,2025-06-07 09:35:54,PG,141.85,314,buy,NYSE
tx_0008850,2025-06-07 09:35:56,PYPL,251.06,459,buy,NASDAQ
tx_0006303,2025-06-07 09:35:59,PEP,150.66,461,buy,NYSE
tx_0003508,2025-06-07 09:36:11,KO,55.7,569,sell,NYSE
tx_0001674,2025-06-07 09:36:12,PG,143.18,603,buy,NYSE
tx_0008600,2025-06-07 09:36:17,PEP,150.22,311,sell,NYSE
tx_0001872,2025-06-07 09:36:18,PG,142.43,345,buy,NYSE
tx_0003690,2025-06-07 09:36:20,MA,352.36,610,sell,NYSE
tx_0008405,2025-06-07 09:36:20,KO,56.53,890,sell,NYSE
tx_0000299,2025-06-07 09:36:25,PEP,150.38,256,buy,NYSE
tx_0005396,2025-06-07 09:36:27,JNJ,168.93,471,buy,NYSE
tx_0007563,2025-06-07 09:36:41,MA,355.29,944,buy,NYSE
tx_0002889,2025-06-07 09:36:43,V,223.92,130,sell,NYSE
tx_0002910,2025-06-07 09:36:46,JNJ,170.19,297,sell,NYSE
tx_0000303,2025-06-07 09:36:53,FB,325.7,968,sell,NASDAQ
tx_0005456,2025-06-07 09:36:54,WMT,140.77,191,sell,NYSE
tx_0007690,2025-06-07 09:37:02,FB,325.32,148,buy,NASDAQ
tx_0007082,2025-06-07 09:37:04,GOOGL,2812.0,240,buy,NASDAQ
tx_0006978,2025-06-07 09:37:04,BRK.B,279.56,604,buy,NYSE
tx_0003218,2025-06-07 09:37:05,PYPL,249.54,321,sell,NASDAQ
tx_0001531,2025-06-07 09:37:08,PYPL,253.45,907,buy,NASDAQ
tx_0008746,2025-06-07 09:37:09,DIS,181.9,129,sell,NYSE
tx_0004057,2025-06-07 09:37:12,ADBE,600.9,888,sell,NASDAQ
tx_0006626,2025-06-07 09:37:16,PG,140.97,900,sell,NYSE
tx_0003950,2025-06-07 09:37:17,PYPL,252.82,855,buy,NASDAQ
tx_0004322,2025-06-07 09:37:19,AAPL,147.85,440,buy,NASDAQ
tx_0009019,2025-06-07 09:37:20,MA,356.23,909,buy,NYSE
tx_0001239,2025-06-07 09:37:20,DIS,182.91,961,buy,NYSE
tx_0005789,2025-06-07 09:37:24,KO,55.94,977,sell,NYSE
tx_0000726,2025-06-07 09:37:25,NFLX,504.56,957,buy,NASDAQ
tx_0008055,2025-06-07 09:37:25,JNJ,171.93,159,sell,NYSE
tx_0009546,2025-06-07 09:37:25,DIS,183.5,184,buy,NYSE
tx_0009135,2025-06-07 09:37:26,PEP,151.13,475,sell,NYSE
tx_0009714,2025-06-07 09:37:27,AAPL,146.76,963,buy,NASDAQ
tx_0001991,2025-06-07 09:37:33,PYPL,250.42,141,sell,NASDAQ
tx_0007055,2025-06-07 09:37:43,BRK.B,277.41,376,buy,NYSE
tx_0001307,2025-06-07 09:37:43,ADBE,596.79,176,sell,NASDAQ
tx_0006108,2025-06-07 09:37:45,V,223.51,538,sell,NYSE
tx_0006171,2025-06-07 09:37:46,AMZN,3515.7,573,sell,NASDAQ
tx_0009538,2025-06-07 09:37:48,MSFT,302.36,175,sell,NASDAQ
tx_0009944,2025-06-07 09:37:50,BRK.B,276.33,413,buy,NYSE
tx_0001657,2025-06-07 09:37:51,DIS,182.66,571,buy,NYSE
tx_0009422,2025-06-07 09:37:53,TSLA,694.83,275,buy,NASDAQ
tx_0004062,2025-06-07 09:37:54,MA,354.11,353,sell,NYSE
tx_0008994,2025-06-07 09:37:55,MSFT,304.07,947,sell,NASDAQ
tx_0000551,2025-06-07 09:37:55,PYPL,252.89,960,buy,NASDAQ
tx_0009715,2025-06-07 09:37:55,MCD,249.73,725,sell,NYSE
tx_0007147,2025-06-07 09:37:57,AAPL,148.23,512,buy,NASDAQ
tx_0005860,2025-06-07 09:37:58,AMZN,3507.84,784,sell,NASDAQ
tx_0002109,2025-06-07 09:37:59,PYPL,253.46,434,buy,NASDAQ
tx_0002161,2025-06-07 09:38:01,TSLA,707.15,308,sell,NASDAQ
tx_0004214,2025-06-07 09:38:05,PEP,152.22,299,sell,NYSE
tx_0003733,2025-06-07 09:38:10,JNJ,171.37,324,buy,NYSE
tx_0009587,2025-06-07 09:38:15,BRK.B,277.61,421,sell,NYSE
tx_0005747,2025-06-07 09:38:15,PEP,153.27,164,buy,NYSE
tx_0003651,2025-06-07 09:38:16,PG,141.53,74,buy,NYSE
tx_0009106,2025-06-07 09:38:19,AMZN,3479.01,46,sell,NASDAQ
tx_0009574,2025-06-07 09:38:22,PEP,150.72,152,sell,NYSE
tx_0004888,2025-06-07 09:38:27,BRK.B,277.6,780,sell,NYSE
tx_0006221,2025-06-07 09:38:30,FB,328.5,221,buy,NASDAQ
tx_0001781,2025-06-07 09:38:41,AMZN,3463.32,884,buy,NASDAQ
tx_0008291,2025-06-07 09:38:42,NFLX,506.31,821,buy,NASDAQ
tx_0008219,2025-06-07 09:38:42,ADBE,592.83,620,sell,NASDAQ
tx_0004677,2025-06-07 09:38:48,MCD,248.25,910,buy,NYSE
tx_0009476,2025-06-07 09:38:51,WMT,141.01,122,sell,NYSE
tx_0003191,2025-06-07 09:38:52,MA,359.69,183,buy,NYSE
tx_0004346,2025-06-07 09:38:53,BRK.B,274.77,308,sell,NYSE
tx_0008799,2025-06-07 09:38:53,MSFT,304.3,658,sell,NASDAQ
tx_0007646,2025-06-07 09:38:58,JNJ,171.01,550,buy,NYSE
tx_0001920,2025-06-07 09:38:58,PEP,153.37,742,buy,NYSE
tx_0005320,2025-06-07 09:38:59,BRK.B,276.25,958,sell,NYSE
tx_0004207,2025-06-07 09:39:01,PYPL,249.07,134,buy,NASDAQ
tx_0005676,2025-06-07 09:39:02,GOOGL,2775.23,472,sell,NASDAQ
tx_0006627,2025-06-07 09:39:04,TSLA,705.04,173,sell,NASDAQ
tx_0009238,2025-06-07 09:39:05,V,223.82,137,sell,NYSE
tx_0009598,2025-06-07 09:39:07,NVDA,202.37,932,sell,NASDAQ
tx_0004058,2025-06-07 09:39:08,MA,359.55,473,sell,NYSE
tx_0008331,2025-06-07 09:39:08,WMT,138.85,466,sell,NYSE
tx_0008214,2025-06-07 09:39:10,MSFT,304.29,76,sell,NASDAQ
tx_0002368,2025-06-07 09:39:10,V,221.06,342,buy,NYSE
tx_0006072,2025-06-07 09:39:13,MSFT,305.82,116,sell,NASDAQ
tx_0005832,2025-06-07 09:39:14,FB,326.66,824,buy,NASDAQ
tx_0007653,2025-06-07 09:39:17,JNJ,171.35,83,buy,NYSE
tx_0002530,2025-06-07 09:39:17,PYPL,251.03,457,sell,NASDAQ
tx_0004169,2025-06-07 09:39:22,PYPL,251.3,796,sell,NASDAQ
tx_0002849,2025-06-07 09:39:22,PEP,152.65,439,sell,NYSE
tx_0008118,2025-06-07 09:39:23,GOOGL,2805.67,713,buy,NASDAQ
tx_0008404,2025-06-07 09:39:23,PG,142.54,353,buy,NYSE
tx_0006997,2025-06-07 09:39:24,NFLX,498.61,748,buy,NASDAQ
tx_0008130,2025-06-07 09:39:29,JNJ,169.5,77,sell,NYSE
tx_0002010,2025-06-07 09:39:29,JNJ,172.18,272,sell,NYSE
tx_0005890,2025-06-07 09:39:30,KO,55.91,463,buy,NYSE
tx_0006489,2025-06-07 09:39:31,JNJ,169.76,795,buy,NYSE
tx_0009390,2025-06-07 09:39:32,MSFT,302.57,794,sell,NASDAQ
tx_0000422,2025-06-07 09:39:39,GOOGL,2764.47,740,buy,NASDAQ
tx_0004533,2025-06-07 09:39:44,NVDA,199.93,805,buy,NASDAQ
tx_0004943,2025-06-07 09:39:46,MCD,252.94,281,sell,NYSE
tx_0006821,2025-06-07 09:39:50,FB,324.21,899,buy,NASDAQ
tx_0003480,2025-06-07 09:39:50,TSLA,692.8,137,sell,NASDAQ
tx_0002078,2025-06-07 09:39:50,KO,55.64,93,buy,NYSE
tx_0007649,2025-06-07 09:39:52,AAPL,147.35,457,buy,NASDAQ
tx_0004492,2025-06-07 09:39:53,PEP,151.93,406,sell,NYSE
tx_0004293,2025-06-07 09:39:54,KO,56.08,928,buy,NYSE
tx_0008775,2025-06-07 09:39:55,PG,141.82,711,sell,NYSE
tx_0007320,2025-06-07 09:39:55,PG,141.39,650,buy,NYSE
tx_0008544,2025-06-07 09:39:59,PG,141.6,861,buy,NYSE
tx_0005412,2025-06-07 09:40:00,MA,354.31,726,sell,NYSE
tx_0007933,2025-06-07 09:40:01,JNJ,172.01,631,sell,NYSE
tx_0004547,2025-06-07 09:40:02,NFLX,504.42,507,sell,NASDAQ
tx_0006564,2025-06-07 09:40:08,PEP,153.17,169,sell,NYSE
tx_0007974,2025-06-07 09:40:09,DIS,184.11,487,buy,NYSE
tx_0007740,2025-06-07 09:40:10,WMT,139.03,656,sell,NYSE
tx_0007578,2025-06-07 09:40:11,PG,141.73,162,sell,NYSE
tx_0007576,2025-06-07 09:40:13,MA,357.93,800,buy,NYSE
tx_0004867,2025-06-07 09:40:14,WMT,140.78,252,sell,NYSE
tx_0004800,2025-06-07 09:40:17,PG,142.07,619,buy,NYSE
tx_0005345,2025-06-07 09:40:20,WMT,138.54,730,sell,NYSE
tx_0007841,2025-06-07 09:40:20,V,222.69,447,sell,NYSE
tx_0008203,2025-06-07 09:40:22,AAPL,146.44,349,buy,NASDAQ
tx_0003009,2025-06-07 09:40:23,NVDA,203.02,4,buy,NASDAQ
tx_0005004,2025-06-07 09:40:27,KO,55.43,503,sell,NYSE
tx_0007484,2025-06-07 09:40:31,MCD,250.74,6,sell,NYSE
tx_0006096,2025-06-07 09:40:35,MA,354.52,638,sell,NYSE
tx_0000450,2025-06-07 09:40:38,DIS,181.56,858,sell,NYSE
tx_0004314,2025-06-07 09:40:39,PG,140.6,709,sell,NYSE
tx_0007419,2025-06-07 09:40:45,NVDA,201.0,79,buy,NASDAQ
tx_0005197,2025-06-07 09:40:49,AMZN,3475.89,722,buy,NASDAQ
tx_0003629,2025-06-07 09:40:55,KO,55.29,730,buy,NYSE
tx_0004970,2025-06-07 09:40:58,AMZN,3449.05,219,buy,NASDAQ
tx_0006080,2025-06-07 09:41:01,ADBE,602.58,922,buy,NASDAQ
tx_0004232,2025-06-07 09:41:02,FB,326.25,893,buy,NASDAQ
tx_0004268,2025-06-07 09:41:03,JNJ,172.5,444,sell,NYSE
tx_0005959,2025-06-07 09:41:07,PG,142.03,330,buy,NYSE
tx_0004674,2025-06-07 09:41:09,WMT,139.71,997,sell,NYSE
tx_0001649,2025-06-07 09:41:10,KO,55.9,373,sell,NYSE
tx_0001197,2025-06-07 09:41:13,NVDA,202.19,248,buy,NASDAQ
tx_0002226,2025-06-07 09:41:22,DIS,183.8,420,buy,NYSE
tx_0004336,2025-06-07 09:41:23,PG,141.78,78,buy,NYSE
tx_0007137,2025-06-07 09:41:25,MSFT,304.88,254,buy,NASDAQ
tx_0007298,2025-06-07 09:41:26,GOOGL,2760.32,496,buy,NASDAQ
tx_0001372,2025-06-07 09:41:34,NVDA,201.66,920,sell,NASDAQ
tx_0001466,2025-06-07 09:41:34,PYPL,251.93,10,sell,NASDAQ
tx_0007650,2025-06-07 09:41:35,FB,326.09,740,buy,NASDAQ
tx_0007873,2025-06-07 09:41:35,MSFT,300.67,435,buy,NASDAQ
tx_0007068,2025-06-07 09:41:36,GOOGL,2778.44,613,buy,NASDAQ
tx_0007330,2025-06-07 09:41:38,AMZN,3481.32,169,buy,NASDAQ
tx_0004321,2025-06-07 09:41:38,TSLA,692.0,5,sell,NASDAQ
tx_0002718,2025-06-07 09:41:40,KO,55.02,657,buy,NYSE
tx_0008859,2025-06-07 09:41:48,NVDA,199.41,656,buy,NASDAQ
tx_0003591,2025-06-07 09:41:50,V,224.05,810,buy,NYSE
tx_0008745,2025-06-07 09:41:51,ADBE,600.36,735,buy,NASDAQ
tx_0006261,2025-06-07 09:41:51,KO,55.66,990,sell,NYSE
tx_0004014,2025-06-07 09:41:52,BRK.B,276.63,373,buy,NYSE
tx_0008172,2025-06-07 09:41:52,NVDA,201.62,52,sell,NASDAQ
tx_0004656,2025-06-07 09:41:54,NVDA,201.84,92,sell,NASDAQ
tx_0007496,2025-06-07 09:41:55,TSLA,701.77,519,sell,NASDAQ
tx_0007562,2025-06-07 09:42:04,PYPL,250.21,762,buy,NASDAQ
tx_0004575,2025-06-07 09:42:04,AAPL,147.98,617,buy,NASDAQ
tx_0000417,2025-06-07 09:42:05,MCD,250.36,863,sell,NYSE
tx_0009457,2025-06-07 09:42:05,MA,360.81,551,buy,NYSE
tx_0006929,2025-06-07 09:42:06,MA,361.97,167,sell,NYSE
tx_0009279,2025-06-07 09:42:07,BRK.B,279.08,483,buy,NYSE
tx_0001031,2025-06-07 09:42:09,NFLX,504.24,261,buy,NASDAQ
tx_0005913,2025-06-07 09:42:12,WMT,139.75,225,sell,NYSE
tx_0006890,2025-06-07 09:42:18,TSLA,701.18,897,sell,NASDAQ
tx_0001061,2025-06-07 09:42:20,NVDA,201.31,304,buy,NASDAQ
tx_0007063,2025-06-07 09:42:20,AAPL,147.35,508,sell,NASDAQ
tx_0009793,2025-06-07 09:42:23,MCD,249.87,313,sell,NYSE
tx_0004971,2025-06-07 09:42:25,MA,358.34,77,buy,NYSE
tx_0005099,2025-06-07 09:42:30,MSFT,301.13,402,buy,NASDAQ
tx_0002888,2025-06-07 09:42:31,WMT,139.73,826,buy,NYSE
tx_0003472,2025-06-07 09:42:32,BRK.B,281.5,930,sell,NYSE
tx_0002417,2025-06-07 09:42:34,PYPL,251.51,700,sell,NASDAQ
tx_0009650,2025-06-07 09:42:36,NVDA,200.25,14,sell,NASDAQ
tx_0005196,2025-06-07 09:42:38,MSFT,306.66,932,buy,NASDAQ
tx_0006905,2025-06-07 09:42:41,MSFT,306.53,226,sell,NASDAQ
tx_0006584,2025-06-07 09:42:41,WMT,141.11,338,sell,NYSE
tx_0009353,2025-06-07 09:42:43,NVDA,202.06,913,buy,NASDAQ
tx_0002427,2025-06-07 09:42:47,BRK.B,280.94,446,sell,NYSE
tx_0000685,2025-06-07 09:42:49,ADBE,594.34,895,sell,NASDAQ
tx_0009638,2025-06-07 09:42:49,AMZN,3521.83,448,sell,NASDAQ
tx_0004614,2025-06-07 09:42:50,FB,328.73,399,buy,NASDAQ
tx_0008807,2025-06-07 09:42:50,PYPL,248.54,404,buy,NASDAQ
tx_0003202,2025-06-07 09:42:52,NVDA,200.07,822,sell,NASDAQ
tx_0004004,2025-06-07 09:42:54,FB,327.72,628,sell,NASDAQ
tx_0004524,2025-06-07 09:42:55,MSFT,307.25,65,buy,NASDAQ
tx_0002732,2025-06-07 09:42:56,NFLX,499.03,309,buy,NASDAQ
tx_0002190,2025-06-07 09:42:58,ADBE,600.81,751,sell,NASDAQ
tx_0000831,2025-06-07 09:43:00,ADBE,601.95,873,sell,NASDAQ
tx_0002172,2025-06-07 09:43:01,PYPL,250.1,657,sell,NASDAQ
tx_0009822,2025-06-07 09:43:02,V,223.48,763,sell,NYSE
tx_0003940,2025-06-07 09:43:02,WMT,139.71,661,sell,NYSE
tx_0009758,2025-06-07 09:43:05,MCD,250.76,758,buy,NYSE
tx_0001835,2025-06-07 09:43:07,BRK.B,279.34,907,buy,NYSE
tx_0000347,2025-06-07 09:43:08,MSFT,307.74,531,sell,NASDAQ
tx_0008085,2025-06-07 09:43:09,KO,56.26,616,sell,NYSE
tx_0000603,2025-06-07 09:43:09,BRK.B,280.53,721,sell,NYSE
tx_0002831,2025-06-07 09:43:12,JNJ,169.56,257,buy,NYSE
tx_0006896,2025-06-07 09:43:13,AAPL,148.96,901,sell,NASDAQ
tx_0003405,2025-06-07 09:43:18,MSFT,302.46,657,buy,NASDAQ
tx_0008154,2025-06-07 09:43:22,MA,357.24,205,buy,NYSE
tx_0001888,2025-06-07 09:43:22,PEP,153.05,731,buy,NYSE
tx_0008449,2025-06-07 09:43:25,MSFT,302.4,352,sell,NASDAQ
tx_0000340,2025-06-07 09:43:25,WMT,141.73,838,sell,NYSE
tx_0004593,2025-06-07 09:43:26,AAPL,148.49,343,buy,NASDAQ
tx_0000184,2025-06-07 09:43:26,NVDA,202.74,813,buy,NASDAQ
tx_0007134,2025-06-07 09:43:31,WMT,141.81,899,buy,NYSE
tx_0004669,2025-06-07 09:43:34,FB,324.22,788,sell,NASDAQ
tx_0008163,2025-06-07 09:43:38,WMT,142.03,7,buy,NYSE
tx_0003860,2025-06-07 09:43:40,BRK.B,277.39,6,sell,NYSE
tx_0002034,2025-06-07 09:43:41,AMZN,3508.35,563,buy,NASDAQ
tx_0000448,2025-06-07 09:43:42,JNJ,169.66,200,buy,NYSE
tx_0005627,2025-06-07 09:43:47,GOOGL,2810.71,233,buy,NASDAQ
tx_0004003,2025-06-07 09:43:52,PEP,150.94,433,sell,NYSE
tx_0005824,2025-06-07 09:43:54,MA,359.82,715,buy,NYSE
tx_0008247,2025-06-07 09:43:55,MA,359.78,539,sell,NYSE
tx_0004621,2025-06-07 09:43:57,PYPL,253.13,74,sell,NASDAQ
tx_0001148,2025-06-07 09:44:01,PEP,150.79,289,sell,NYSE
tx_0001127,2025-06-07 09:44:01,MCD,251.01,647,sell,NYSE
tx_0008502,2025-06-07 09:44:02,DIS,181.48,451,buy,NYSE
tx_0002591,2025-06-07 09:44:02,PYPL,249.1,864,buy,NASDAQ
tx_0008071,2025-06-07 09:44:03,MA,361.1,272,buy,NYSE
tx_0005798,2025-06-07 09:44:06,JNJ,169.37,883,buy,NYSE
tx_0005719,2025-06-07 09:44:08,MSFT,303.99,358,buy,NASDAQ
tx_0002806,2025-06-07 09:44:18,MCD,251.22,591,buy,NYSE
tx_0005227,2025-06-07 09:44:21,AMZN,3523.31,42,sell,NASDAQ
tx_0002464,2025-06-07 09:44:26,DIS,181.86,458,sell,NYSE
tx_0002389,2025-06-07 09:44:27,AMZN,3472.09,222,sell,NASDAQ
tx_0004600,2025-06-07 09:44:28,MSFT,306.42,685,buy,NASDAQ
tx_0002743,2025-06-07 09:44:30,FB,323.88,276,sell,NASDAQ
tx_0001761,2025-06-07 09:44:32,NVDA,201.36,878,sell,NASDAQ
tx_0000601,2025-06-07 09:44:33,TSLA,696.01,784,buy,NASDAQ
tx_0008237,2025-06-07 09:44:36,V,222.4,725,buy,NYSE
tx_0000503,2025-06-07 09:44:38,TSLA,702.81,307,sell,NASDAQ
tx_0001578,2025-06-07 09:44:38,PEP,152.27,477,buy,NYSE
tx_0005847,2025-06-07 09:44:45,JNJ,168.73,967,sell,NYSE
tx_0004054,2025-06-07 09:44:48,KO,56.1,582,sell,NYSE
tx_0002792,2025-06-07 09:44:49,GOOGL,2810.87,283,sell,NASDAQ
tx_0004277,2025-06-07 09:44:50,NVDA,200.86,248,buy,NASDAQ
tx_0005383,2025-06-07 09:44:50,AAPL,149.03,815,sell,NASDAQ
tx_0002025,2025-06-07 09:44:51,PYPL,249.25,22,buy,NASDAQ
tx_0004456,2025-06-07 09:44:52,ADBE,596.75,855,buy,NASDAQ
tx_0003771,2025-06-07 09:44:54,FB,324.53,507,buy,NASDAQ
tx_0006401,2025-06-07 09:44:55,DIS,182.09,535,sell,NYSE
tx_0008169,2025-06-07 09:44:59,PG,141.53,956,buy,NYSE
tx_0009602,2025-06-07 09:44:59,NVDA,202.33,685,sell,NASDAQ
tx_0004831,2025-06-07 09:44:59,PG,140.71,546,buy,NYSE
tx_0005892,2025-06-07 09:44:59,MCD,254.55,365,buy,NYSE
tx_0000569,2025-06-07 09:45:01,BRK.B,282.22,999,buy,NYSE
tx_0007896,2025-06-07 09:45:01,NVDA,198.49,236,sell,NASDAQ
tx_0003249,2025-06-07 09:45:01,WMT,140.21,223,buy,NYSE
tx_0008556,2025-06-07 09:45:02,DIS,182.06,675,buy,NYSE
tx_0004106,2025-06-07 09:45:03,FB,323.61,574,sell,NASDAQ
tx_0006831,2025-06-07 09:45:05,ADBE,591.6,789,buy,NASDAQ
tx_0000365,2025-06-07 09:45:05,PEP,150.13,741,sell,NYSE
tx_0009604,2025-06-07 09:45:05,FB,327.25,930,buy,NASDAQ
tx_0003627,2025-06-07 09:45:11,KO,55.41,959,sell,NYSE
tx_0004925,2025-06-07 09:45:11,DIS,182.91,152,buy,NYSE
tx_0004659,2025-06-07 09:45:11,WMT,141.37,892,buy,NYSE
tx_0007694,2025-06-07 09:45:13,V,221.71,338,buy,NYSE
tx_0004310,2025-06-07 09:45:13,BRK.B,279.11,589,sell,NYSE
tx_0000994,2025-06-07 09:45:19,WMT,140.89,698,buy,NYSE
tx_0002342,2025-06-07 09:45:19,PEP,152.48,166,buy,NYSE
tx_0005978,2025-06-07 09:45:21,WMT,140.96,240,sell,NYSE
tx_0000747,2025-06-07 09:45:23,V,221.73,587,sell,NYSE
tx_0008225,2025-06-07 09:45:28,JNJ,168.79,931,buy,NYSE
tx_0005521,2025-06-07 09:45:29,JNJ,170.53,376,buy,NYSE
tx_0006460,2025-06-07 09:45:29,TSLA,705.46,214,buy,NASDAQ
tx_0003490,2025-06-07 09:45:29,GOOGL,2788.14,123,buy,NASDAQ
tx_0008718,2025-06-07 09:45:30,MA,360.8,47,buy,NYSE
tx_0006579,2025-06-07 09:45:30,MA,361.84,219,sell,NYSE
tx_0001210,2025-06-07 09:45:35,JNJ,171.39,836,sell,NYSE
tx_0000845,2025-06-07 09:45:39,JNJ,170.87,375,sell,NYSE
tx_0008420,2025-06-07 09:45:40,MSFT,306.61,840,buy,NASDAQ
tx_0008597,2025-06-07 09:45:40,AAPL,148.82,92,sell,NASDAQ
tx_0008265,2025-06-07 09:45:41,ADBE,595.85,302,buy,NASDAQ
tx_0005079,2025-06-07 09:45:43,AMZN,3548.58,226,buy,NASDAQ
tx_0007657,2025-06-07 09:45:44,BRK.B,280.01,265,sell,NYSE
tx_0001745,2025-06-07 09:45:45,TSLA,696.11,183,sell,NASDAQ
tx_0009016,2025-06-07 09:45:50,GOOGL,2763.17,140,sell,NASDAQ
tx_0003631,2025-06-07 09:45:50,DIS,183.75,429,buy,NYSE
tx_0002013,2025-06-07 09:45:52,MCD,250.51,361,buy,NYSE
tx_0003479,2025-06-07 09:45:52,JNJ,171.2,910,buy,NYSE
tx_0000704,2025-06-07 09:45:55,TSLA,706.58,11,sell,NASDAQ
tx_0004153,2025-06-07 09:45:57,PYPL,251.59,25,sell,NASDAQ
tx_0002212,2025-06-07 09:45:58,V,220.95,885,buy,NYSE
tx_0009946,2025-06-07 09:46:10,TSLA,703.05,126,buy,NASDAQ
tx_0008567,2025-06-07 09:46:10,BRK.B,279.16,211,buy,NYSE
tx_0009643,2025-06-07 09:46:13,BRK.B,279.02,41,sell,NYSE
tx_0003131,2025-06-07 09:46:14,MCD,254.29,922,sell,NYSE
tx_0007226,2025-06-07 09:46:15,DIS,184.5,912,buy,NYSE
tx_0001293,2025-06-07 09:46:15,ADBE,589.5,560,sell,NASDAQ
tx_0001877,2025-06-07 09:46:15,NVDA,202.22,943,sell,NASDAQ
tx_0003613,2025-06-07 09:46:17,WMT,139.17,141,sell,NYSE
tx_0006588,2025-06-07 09:46:19,FB,326.52,616,buy,NASDAQ
tx_0003867,2025-06-07 09:46:21,PYPL,250.71,640,sell,NASDAQ
tx_0009913,2025-06-07 09:46:28,ADBE,600.37,169,sell,NASDAQ
tx_0008417,2025-06-07 09:46:35,PYPL,248.94,655,sell,NASDAQ
tx_0008369,2025-06-07 09:46:36,AMZN,3525.06,718,sell,NASDAQ
tx_0009195,2025-06-07 09:46:36,MA,356.79,496,buy,NYSE
tx_0003912,2025-06-07 09:46:37,BRK.B,275.84,915,sell,NYSE
tx_0009974,2025-06-07 09:46:38,JNJ,172.49,156,sell,NYSE
tx_0008555,2025-06-07 09:46:39,JNJ,172.68,411,buy,NYSE
tx_0008640,2025-06-07 09:46:40,MSFT,304.72,681,sell,NASDAQ
tx_0005929,2025-06-07 09:46:43,FB,327.82,547,sell,NASDAQ
tx_0007555,2025-06-07 09:46:43,KO,56.04,794,sell,NYSE
tx_0007782,2025-06-07 09:46:44,TSLA,704.3,223,sell,NASDAQ
tx_0007775,2025-06-07 09:46:47,MSFT,305.65,360,sell,NASDAQ
tx_0009218,2025-06-07 09:46:48,BRK.B,278.47,571,sell,NYSE
tx_0007230,2025-06-07 09:46:51,TSLA,705.68,854,buy,NASDAQ
tx_0004862,2025-06-07 09:46:54,TSLA,696.01,406,sell,NASDAQ
tx_0008189,2025-06-07 09:46:54,GOOGL,2808.43,870,buy,NASDAQ
tx_0005175,2025-06-07 09:46:58,PEP,149.45,456,buy,NYSE
tx_0009188,2025-06-07 09:47:06,TSLA,708.02,162,sell,NASDAQ
tx_0004206,2025-06-07 09:47:09,FB,328.09,673,sell,NASDAQ
tx_0006034,2025-06-07 09:47:11,PYPL,250.14,786,buy,NASDAQ
tx_0005709,2025-06-07 09:47:11,KO,56.28,695,sell,NYSE
tx_0000440,2025-06-07 09:47:13,MCD,255.29,192,sell,NYSE
tx_0008377,2025-06-07 09:47:16,PYPL,251.06,376,sell,NASDAQ
tx_0002504,2025-06-07 09:47:17,MCD,252.11,626,buy,NYSE
tx_0002434,2025-06-07 09:47:17,NFLX,501.49,207,sell,NASDAQ
tx_0006211,2025-06-07 09:47:18,WMT,141.91,847,sell,NYSE
tx_0009174,2025-06-07 09:47:20,PEP,149.65,715,sell,NYSE
tx_0009931,2025-06-07 09:47:22,WMT,139.66,88,sell,NYSE
tx_0002797,2025-06-07 09:47:26,FB,324.75,143,buy,NASDAQ
tx_0005336,2025-06-07 09:47:26,ADBE,600.72,823,buy,NASDAQ
tx_0007414,2025-06-07 09:47:29,MA,354.87,565,sell,NYSE
tx_0001904,2025-06-07 09:47:30,ADBE,591.83,219,buy,NASDAQ
tx_0008736,2025-06-07 09:47:36,KO,55.88,617,sell,NYSE
tx_0000390,2025-06-07 09:47:39,MA,359.47,72,buy,NYSE
tx_0001785,2025-06-07 09:47:39,KO,55.55,415,sell,NYSE
tx_0004435,2025-06-07 09:47:39,BRK.B,279.24,446,buy,NYSE
tx_0006366,2025-06-07 09:47:42,MA,358.9,940,buy,NYSE
tx_0009645,2025-06-07 09:47:47,PYPL,250.28,162,buy,NASDAQ
tx_0000194,2025-06-07 09:47:49,V,225.03,400,sell,NYSE
tx_0006834,2025-06-07 09:47:52,WMT,140.46,935,sell,NYSE
tx_0001035,2025-06-07 09:47:53,PYPL,245.67,24,sell,NASDAQ
tx_0002614,2025-06-07 09:47:56,JNJ,170.31,443,sell,NYSE
tx_0009299,2025-06-07 09:47:57,DIS,184.56,441,sell,NYSE
tx_0006253,2025-06-07 09:47:58,MA,354.54,866,sell,NYSE
tx_0001527,2025-06-07 09:48:01,AMZN,3555.06,946,sell,NASDAQ
tx_0004519,2025-06-07 09:48:02,WMT,142.21,192,buy,NYSE
tx_0007654,2025-06-07 09:48:02,NVDA,202.46,190,sell,NASDAQ
tx_0004814,2025-06-07 09:48:07,GOOGL,2795.66,360,sell,NASDAQ
tx_0005365,2025-06-07 09:48:09,MA,356.61,299,buy,NYSE
tx_0008306,2025-06-07 09:48:09,BRK.B,276.17,959,buy,NYSE
tx_0008258,2025-06-07 09:48:25,BRK.B,275.87,114,buy,NYSE
tx_0004029,2025-06-07 09:48:27,MCD,251.6,620,buy,NYSE
tx_0002565,2025-06-07 09:48:34,GOOGL,2800.96,469,buy,NASDAQ
tx_0006441,2025-06-07 09:48:35,PG,140.75,950,sell,NYSE
tx_0007428,2025-06-07 09:48:36,ADBE,592.58,669,buy,NASDAQ
tx_0000996,2025-06-07 09:48:36,PG,142.37,997,sell,NYSE
tx_0007606,2025-06-07 09:48:39,NFLX,497.56,913,buy,NASDAQ
tx_0002863,2025-06-07 09:48:40,KO,55.35,491,buy,NYSE
tx_0008932,2025-06-07 09:48:40,V,226.55,294,sell,NYSE
tx_0004416,2025-06-07 09:48:41,NVDA,201.71,300,buy,NASDAQ
tx_0001134,2025-06-07 09:48:46,MA,357.82,38,buy,NYSE
tx_0002729,2025-06-07 09:48:49,PG,143.03,974,sell,NYSE
tx_0009396,2025-06-07 09:48:55,NFLX,499.07,978,buy,NASDAQ
tx_0003068,2025-06-07 09:48:59,DIS,182.24,548,buy,NYSE
tx_0003388,2025-06-07 09:49:00,PYPL,244.63,503,buy,NASDAQ
tx_0008327,2025-06-07 09:49:00,WMT,139.69,470,buy,NYSE
tx_0002676,2025-06-07 09:49:00,FB,325.81,312,buy,NASDAQ
tx_0001201,2025-06-07 09:49:02,FB,326.83,406,sell,NASDAQ
tx_0006334,2025-06-07 09:49:03,V,224.23,627,sell,NYSE
tx_0000250,2025-06-07 09:49:05,JNJ,170.58,838,buy,NYSE
tx_0004941,2025-06-07 09:49:06,PG,140.59,73,buy,NYSE
tx_0009565,2025-06-07 09:49:06,DIS,184.41,281,buy,NYSE
tx_0009726,2025-06-07 09:49:09,FB,325.79,82,buy,NASDAQ
tx_0002870,2025-06-07 09:49:11,V,223.34,656,buy,NYSE
tx_0009221,2025-06-07 09:49:12,BRK.B,280.1,304,sell,NYSE
tx_0006545,2025-06-07 09:49:13,ADBE,597.02,524,buy,NASDAQ
tx_0008240,2025-06-07 09:49:14,PEP,150.85,114,sell,NYSE
tx_0008134,2025-06-07 09:49:18,BRK.B,281.0,88,buy,NYSE
tx_0006414,2025-06-07 09:49:18,V,224.46,808,sell,NYSE
tx_0002481,2025-06-07 09:49:18,PG,142.48,76,buy,NYSE
tx_0006763,2025-06-07 09:49:22,FB,328.51,611,buy,NASDAQ
tx_0005735,2025-06-07 09:49:30,V,223.32,906,buy,NYSE
tx_0007051,2025-06-07 09:49:30,PG,143.05,462,buy,NYSE
tx_0004828,2025-06-07 09:49:30,AMZN,3525.22,898,sell,NASDAQ
tx_0006236,2025-06-07 09:49:42,TSLA,703.25,350,buy,NASDAQ
tx_0005594,2025-06-07 09:49:44,MCD,255.12,263,buy,NYSE
tx_0007671,2025-06-07 09:49:46,MCD,254.16,625,buy,NYSE
tx_0009344,2025-06-07 09:49:48,V,224.55,839,sell,NYSE
tx_0006692,2025-06-07 09:49:51,NVDA,200.36,20,sell,NASDAQ
tx_0002881,2025-06-07 09:49:55,V,226.24,24,buy,NYSE
tx_0006181,2025-06-07 09:49:58,WMT,141.11,793,sell,NYSE
tx_0006399,2025-06-07 09:49:59,JNJ,169.32,355,sell,NYSE
tx_0002205,2025-06-07 09:50:02,PG,143.29,891,buy,NYSE
tx_0005859,2025-06-07 09:50:06,PYPL,247.69,967,sell,NASDAQ
tx_0003558,2025-06-07 09:50:11,FB,330.97,23,buy,NASDAQ
tx_0002540,2025-06-07 09:50:11,BRK.B,278.29,301,buy,NYSE
tx_0001681,2025-06-07 09:50:13,PEP,150.57,603,buy,NYSE
tx_0007149,2025-06-07 09:50:13,ADBE,590.97,59,sell,NASDAQ
tx_0004436,2025-06-07 09:50:15,MCD,254.26,25,buy,NYSE
tx_0003340,2025-06-07 09:50:21,BRK.B,281.99,878,buy,NYSE
tx_0009823,2025-06-07 09:50:23,WMT,141.62,819,buy,NYSE
tx_0001258,2025-06-07 09:50:29,WMT,140.56,341,sell,NYSE
tx_0003119,2025-06-07 09:50:30,MA,355.87,518,sell,NYSE
tx_0007623,2025-06-07 09:50:32,KO,55.16,968,sell,NYSE
tx_0004662,2025-06-07 09:50:42,TSLA,701.77,816,sell,NASDAQ
tx_0002720,2025-06-07 09:50:42,MCD,253.0,115,sell,NYSE
tx_0009603,2025-06-07 09:50:45,MA,355.4,756,buy,NYSE
tx_0008875,2025-06-07 09:50:46,MA,356.47,469,sell,NYSE
tx_0008023,2025-06-07 09:50:51,PG,141.96,500,buy,NYSE
tx_0009934,2025-06-07 09:50:54,FB,325.54,436,sell,NASDAQ
tx_0002332,2025-06-07 09:50:55,MCD,252.97,86,sell,NYSE
tx_0006105,2025-06-07 09:50:59,PEP,149.14,339,buy,NYSE
tx_0000379,2025-06-07 09:51:00,BRK.B,280.83,611,buy,NYSE
tx_0000165,2025-06-07 09:51:04,MA,359.86,205,sell,NYSE
tx_0008971,2025-06-07 09:51:04,AMZN,3512.17,601,sell,NASDAQ
tx_0001773,2025-06-07 09:51:06,DIS,183.89,881,buy,NYSE
tx_0002749,2025-06-07 09:51:13,NFLX,494.97,180,sell,NASDAQ
tx_0008789,2025-06-07 09:51:15,NVDA,199.81,397,buy,NASDAQ
tx_0006350,2025-06-07 09:51:16,PEP,150.57,921,sell,NYSE
tx_0008413,2025-06-07 09:51:17,AMZN,3507.05,264,sell,NASDAQ
tx_0003057,2025-06-07 09:51:19,PEP,148.31,420,buy,NYSE
tx_0009329,2025-06-07 09:51:20,V,224.35,804,buy,NYSE
tx_0008920,2025-06-07 09:51:23,KO,55.75,706,buy,NYSE
tx_0005389,2025-06-07 09:51:25,V,224.95,443,sell,NYSE
tx_0001247,2025-06-07 09:51:33,NVDA,200.02,163,sell,NASDAQ
tx_0005432,2025-06-07 09:51:33,GOOGL,2804.18,408,sell,NASDAQ
tx_0009289,2025-06-07 09:51:34,PG,142.04,943,buy,NYSE
tx_0006432,2025-06-07 09:51:35,V,226.04,687,sell,NYSE
tx_0003574,2025-06-07 09:51:36,BRK.B,281.02,122,buy,NYSE
tx_0008879,2025-06-07 09:51:38,KO,55.49,464,buy,NYSE
tx_0008743,2025-06-07 09:51:38,AMZN,3585.69,729,buy,NASDAQ
tx_0007077,2025-06-07 09:51:38,DIS,185.81,266,sell,NYSE
tx_0009734,2025-06-07 09:51:40,KO,55.94,614,sell,NYSE
tx_0005874,2025-06-07 09:51:41,MCD,252.8,854,buy,NYSE
tx_0009508,2025-06-07 09:51:42,KO,56.07,226,buy,NYSE
tx_0003997,2025-06-07 09:51:44,MA,358.53,660,sell,NYSE
tx_0009751,2025-06-07 09:51:50,AAPL,146.53,858,sell,NASDAQ
tx_0000891,2025-06-07 09:51:59,PYPL,245.84,102,sell,NASDAQ
tx_0008882,2025-06-07 09:51:59,WMT,140.11,950,sell,NYSE
tx_0003084,2025-06-07 09:52:04,AAPL,148.56,194,sell,NASDAQ
tx_0007311,2025-06-07 09:52:06,AMZN,3519.46,51,buy,NASDAQ
tx_0000140,2025-06-07 09:52:07,PG,141.8,217,buy,NYSE
tx_0003881,2025-06-07 09:52:07,MCD,256.01,297,buy,NYSE
tx_0006706,2025-06-07 09:52:11,MSFT,300.12,259,buy,NASDAQ
tx_0005774,2025-06-07 09:52:13,AMZN,3576.89,192,buy,NASDAQ
tx_0006355,2025-06-07 09:52:16,AAPL,146.93,171,sell,NASDAQ
tx_0000697,2025-06-07 09:52:17,MCD,254.19,262,sell,NYSE
tx_0000834,2025-06-07 09:52:18,TSLA,699.98,584,sell,NASDAQ
tx_0001310,2025-06-07 09:52:22,AMZN,3559.99,185,sell,NASDAQ
tx_0007328,2025-06-07 09:52:27,TSLA,697.81,975,sell,NASDAQ
tx_0002873,2025-06-07 09:52:31,AAPL,146.05,536,sell,NASDAQ
tx_0001211,2025-06-07 09:52:32,FB,326.77,217,buy,NASDAQ
tx_0007308,2025-06-07 09:52:37,MA,357.35,917,sell,NYSE
tx_0003655,2025-06-07 09:52:37,V,225.9,283,sell,NYSE
tx_0007625,2025-06-07 09:52:38,NFLX,496.68,743,buy,NASDAQ
tx_0000272,2025-06-07 09:52:47,TSLA,706.68,801,buy,NASDAQ
tx_0000916,2025-06-07 09:52:48,MCD,253.27,372,buy,NYSE
tx_0004424,2025-06-07 09:52:50,FB,322.42,400,buy,NASDAQ
tx_0007318,2025-06-07 09:52:51,FB,326.42,434,buy,NASDAQ
tx_0000135,2025-06-07 09:52:58,V,223.0,170,buy,NYSE
tx_0003852,2025-06-07 09:53:04,DIS,183.67,123,buy,NYSE
tx_0001158,2025-06-07 09:53:04,DIS,184.4,579,buy,NYSE
tx_0001610,2025-06-07 09:53:08,AAPL,147.47,370,buy,NASDAQ
tx_0005014,2025-06-07 09:53:09,V,225.73,562,buy,NYSE
tx_0002584,2025-06-07 09:53:10,MCD,252.94,276,buy,NYSE
tx_0003831,2025-06-07 09:53:10,V,225.74,554,buy,NYSE
tx_0005162,2025-06-07 09:53:16,GOOGL,2804.15,344,buy,NASDAQ
tx_0003059,2025-06-07 09:53:20,WMT,141.49,609,sell,NYSE
tx_0009155,2025-06-07 09:53:20,NFLX,495.51,186,buy,NASDAQ
tx_0002728,2025-06-07 09:53:21,NVDA,200.92,635,sell,NASDAQ
tx_0005377,2025-06-07 09:53:24,MCD,256.39,589,sell,NYSE
tx_0009298,2025-06-07 09:53:26,MSFT,303.22,503,buy,NASDAQ
tx_0004914,2025-06-07 09:53:27,MCD,257.44,888,buy,NYSE
tx_0003511,2025-06-07 09:53:30,FB,323.97,893,sell,NASDAQ
tx_0001470,2025-06-07 09:53:31,WMT,139.9,403,sell,NYSE
tx_0001725,2025-06-07 09:53:35,AMZN,3547.79,290,buy,NASDAQ
tx_0002895,2025-06-07 09:53:40,NFLX,494.28,241,buy,NASDAQ
tx_0000987,2025-06-07 09:53:41,MA,356.41,103,sell,NYSE
tx_0009461,2025-06-07 09:53:42,NFLX,500.45,20,buy,NASDAQ
tx_0000346,2025-06-07 09:53:45,DIS,186.42,236,buy,NYSE
tx_0007231,2025-06-07 09:53:47,MSFT,302.36,419,buy,NASDAQ
tx_0003668,2025-06-07 09:53:47,NVDA,203.6,24,buy,NASDAQ
tx_0000827,2025-06-07 09:53:48,WMT,142.04,480,buy,NYSE
tx_0007483,2025-06-07 09:53:49,ADBE,581.24,961,sell,NASDAQ
tx_0000271,2025-06-07 09:53:51,TSLA,708.91,21,buy,NASDAQ
tx_0001334,2025-06-07 09:53:58,PG,143.62,63,buy,NYSE
tx_0003093,2025-06-07 09:54:02,GOOGL,2829.02,966,sell,NASDAQ
tx_0008765,2025-06-07 09:54:06,FB,328.11,955,buy,NASDAQ
tx_0006102,2025-06-07 09:54:08,WMT,140.85,807,buy,NYSE
tx_0008145,2025-06-07 09:54:08,NVDA,203.57,928,sell,NASDAQ
tx_0004863,2025-06-07 09:54:09,TSLA,700.05,982,buy,NASDAQ
tx_0006094,2025-06-07 09:54:09,GOOGL,2803.68,15,sell,NASDAQ
tx_0003370,2025-06-07 09:54:10,ADBE,586.7,22,sell,NASDAQ
tx_0002213,2025-06-07 09:54:11,MA,352.04,201,buy,NYSE
tx_0001892,2025-06-07 09:54:13,ADBE,589.11,698,buy,NASDAQ
tx_0008666,2025-06-07 09:54:18,JNJ,169.43,611,buy,NYSE
tx_0007629,2025-06-07 09:54:20,MSFT,299.65,656,buy,NASDAQ
tx_0001729,2025-06-07 09:54:23,JNJ,172.16,409,buy,NYSE
tx_0003961,2025-06-07 09:54:24,BRK.B,281.59,513,buy,NYSE
tx_0003446,2025-06-07 09:54:26,FB,326.27,517,buy,NASDAQ
tx_0008490,2025-06-07 09:54:29,TSLA,703.58,540,buy,NASDAQ
tx_0006633,2025-06-07 09:54:30,PEP,149.83,819,buy,NYSE
tx_0004184,2025-06-07 09:54:30,JNJ,169.29,600,buy,NYSE
tx_0006551,2025-06-07 09:54:32,NVDA,202.02,324,buy,NASDAQ
tx_0000902,2025-06-07 09:54:32,JNJ,169.11,375,buy,NYSE
tx_0008822,2025-06-07 09:54:34,WMT,140.01,942,sell,NYSE
tx_0004437,2025-06-07 09:54:40,ADBE,585.54,561,buy,NASDAQ
tx_0000018,2025-06-07 09:54:40,FB,328.65,668,buy,NASDAQ
tx_0008264,2025-06-07 09:54:42,NVDA,201.22,903,sell,NASDAQ
tx_0008320,2025-06-07 09:54:44,AAPL,146.26,164,sell,NASDAQ
tx_0006410,2025-06-07 09:54:46,PEP,148.74,584,buy,NYSE
tx_0005370,2025-06-07 09:54:47,PEP,148.41,275,sell,NYSE
tx_0009273,2025-06-07 09:54:52,MA,350.15,659,sell,NYSE
tx_0006133,2025-06-07 09:54:56,PEP,151.25,156,sell,NYSE
tx_0004082,2025-06-07 09:55:01,KO,55.28,562,sell,NYSE
tx_0001166,2025-06-07 09:55:05,V,225.03,957,buy,NYSE
tx_0009262,2025-06-07 09:55:06,AMZN,3524.34,532,sell,NASDAQ
tx_0009249,2025-06-07 09:55:11,DIS,186.05,541,sell,NYSE
tx_0008097,2025-06-07 09:55:12,PG,146.18,92,buy,NYSE
tx_0002070,2025-06-07 09:55:15,DIS,186.42,651,buy,NYSE
tx_0001207,2025-06-07 09:55:16,MCD,253.4,660,buy,NYSE
tx_0002087,2025-06-07 09:55:17,FB,324.28,976,buy,NASDAQ
tx_0004842,2025-06-07 09:55:20,NVDA,200.23,608,buy,NASDAQ
tx_0008861,2025-06-07 09:55:20,DIS,185.42,183,sell,NYSE
tx_0008482,2025-06-07 09:55:23,PEP,149.47,828,sell,NYSE
tx_0002384,2025-06-07 09:55:23,MA,353.35,326,sell,NYSE
tx_0006265,2025-06-07 09:55:25,NFLX,499.21,459,sell,NASDAQ
tx_0009144,2025-06-07 09:55:26,MCD,256.34,714,buy,NYSE
tx_0002079,2025-06-07 09:55:26,FB,328.27,58,buy,NASDAQ
tx_0000573,2025-06-07 09:55:26,GOOGL,2814.52,831,sell,NASDAQ
tx_0006843,2025-06-07 09:55:27,FB,325.01,212,buy,NASDAQ
tx_0007564,2025-06-07 09:55:35,ADBE,585.23,216,sell,NASDAQ
tx_0000646,2025-06-07 09:55:37,TSLA,706.74,204,buy,NASDAQ
tx_0009966,2025-06-07 09:55:37,ADBE,589.69,462,sell,NASDAQ
tx_0009014,2025-06-07 09:55:38,GOOGL,2809.11,171,buy,NASDAQ
tx_0009745,2025-06-07 09:55:39,BRK.B,277.33,818,buy,NYSE
tx_0008127,2025-06-07 09:55:42,PG,146.09,86,sell,NYSE
tx_0007628,2025-06-07 09:55:43,MCD,255.27,606,buy,NYSE
tx_0008910,2025-06-07 09:55:49,V,226.54,556,buy,NYSE
tx_0002564,2025-06-07 09:55:51,KO,55.15,317,sell,NYSE
tx_0004175,2025-06-07 09:55:52,DIS,185.12,822,sell,NYSE
tx_0008439,2025-06-07 09:55:54,DIS,183.1,216,sell,NYSE
tx_0005335,2025-06-07 09:55:55,AMZN,3571.18,908,sell,NASDAQ
tx_0000532,2025-06-07 09:55:58,PYPL,246.84,175,buy,NASDAQ
tx_0004613,2025-06-07 09:56:02,KO,55.85,572,sell,NYSE
tx_0002204,2025-06-07 09:56:03,GOOGL,2828.78,914,sell,NASDAQ
tx_0001263,2025-06-07 09:56:03,MCD,255.06,539,sell,NYSE
tx_0007551,2025-06-07 09:56:03,NFLX,496.96,25,sell,NASDAQ
tx_0005203,2025-06-07 09:56:05,PYPL,244.79,750,buy,NASDAQ
tx_0002492,2025-06-07 09:56:09,PEP,149.87,329,buy,NYSE
tx_0003714,2025-06-07 09:56:15,JNJ,170.91,267,buy,NYSE
tx_0000759,2025-06-07 09:56:16,PYPL,247.79,968,buy,NASDAQ
tx_0002416,2025-06-07 09:56:16,BRK.B,277.97,148,sell,NYSE
tx_0007802,2025-06-07 09:56:17,ADBE,581.37,428,sell,NASDAQ
tx_0002258,2025-06-07 09:56:17,PYPL,244.98,391,sell,NASDAQ
tx_0008341,2025-06-07 09:56:21,AAPL,145.87,843,sell,NASDAQ
tx_0006541,2025-06-07 09:56:21,PYPL,248.18,738,buy,NASDAQ
tx_0003968,2025-06-07 09:56:21,MCD,255.13,219,buy,NYSE
tx_0009192,2025-06-07 09:56:24,FB,324.64,584,buy,NASDAQ
tx_0003942,2025-06-07 09:56:26,PEP,148.55,766,buy,NYSE
tx_0006458,2025-06-07 09:56:28,BRK.B,282.81,812,sell,NYSE
tx_0008451,2025-06-07 09:56:35,MA,353.27,247,buy,NYSE
tx_0003590,2025-06-07 09:56:41,BRK.B,278.99,473,buy,NYSE
tx_0003328,2025-06-07 09:56:48,PEP,149.83,871,sell,NYSE
tx_0004348,2025-06-07 09:56:50,PYPL,245.98,153,sell,NASDAQ
tx_0004392,2025-06-07 09:56:50,ADBE,581.79,589,sell,NASDAQ
tx_0008195,2025-06-07 09:56:52,ADBE,585.02,132,buy,NASDAQ
tx_0007319,2025-06-07 09:56:53,PYPL,245.42,919,buy,NASDAQ
tx_0004558,2025-06-07 09:56:55,TSLA,704.94,593,buy,NASDAQ
tx_0002945,2025-06-07 09:56:57,NVDA,201.05,133,buy,NASDAQ
tx_0003851,2025-06-07 09:56:58,AAPL,146.58,649,sell,NASDAQ
tx_0006948,2025-06-07 09:57:00,NFLX,500.34,872,sell,NASDAQ
tx_0002289,2025-06-07 09:57:02,PYPL,244.76,624,buy,NASDAQ
tx_0002651,2025-06-07 09:57:04,MA,351.34,969,buy,NYSE
tx_0002765,2025-06-07 09:57:04,AMZN,3552.73,709,buy,NASDAQ
tx_0005240,2025-06-07 09:57:06,AAPL,145.88,232,sell,NASDAQ
tx_0003620,2025-06-07 09:57:06,V,226.25,748,sell,NYSE
tx_0000958,2025-06-07 09:57:06,AAPL,146.68,187,buy,NASDAQ
tx_0005364,2025-06-07 09:57:09,JNJ,169.03,273,sell,NYSE
tx_0009421,2025-06-07 09:57:14,MSFT,301.8,722,buy,NASDAQ
tx_0006863,2025-06-07 09:57:17,KO,55.4,273,sell,NYSE
tx_0002349,2025-06-07 09:57:18,DIS,185.11,481,sell,NYSE
tx_0006789,2025-06-07 09:57:18,WMT,140.95,532,buy,NYSE
tx_0001900,2025-06-07 09:57:20,AMZN,3543.13,612,sell,NASDAQ
tx_0000910,2025-06-07 09:57:21,NFLX,496.29,998,sell,NASDAQ
tx_0008940,2025-06-07 09:57:28,ADBE,582.77,95,sell,NASDAQ
tx_0008243,2025-06-07 09:57:29,NVDA,204.66,806,sell,NASDAQ
tx_0008796,2025-06-07 09:57:31,MA,354.23,695,sell,NYSE
tx_0000506,2025-06-07 09:57:37,JNJ,169.9,150,buy,NYSE
tx_0009442,2025-06-07 09:57:37,V,226.24,842,sell,NYSE
tx_0008257,2025-06-07 09:57:40,GOOGL,2788.18,924,buy,NASDAQ
tx_0006132,2025-06-07 09:57:43,AAPL,144.75,859,sell,NASDAQ
tx_0002953,2025-06-07 09:57:47,AAPL,146.12,676,buy,NASDAQ
tx_0008790,2025-06-07 09:57:49,WMT,139.88,239,sell,NYSE
tx_0002112,2025-06-07 09:57:55,AAPL,146.93,192,sell,NASDAQ
tx_0009886,2025-06-07 09:57:56,JNJ,171.23,445,sell,NYSE
tx_0009395,2025-06-07 09:57:59,AAPL,146.77,41,sell,NASDAQ
tx_0000362,2025-06-07 09:58:09,MA,352.48,793,buy,NYSE
tx_0001726,2025-06-07 09:58:12,PYPL,246.19,68,buy,NASDAQ
tx_0004414,2025-06-07 09:58:26,WMT,139.08,455,sell,NYSE
tx_0008977,2025-06-07 09:58:27,DIS,187.18,142,buy,NYSE
tx_0009509,2025-06-07 09:58:28,PYPL,245.29,559,sell,NASDAQ
tx_0004696,2025-06-07 09:58:33,NVDA,203.74,174,sell,NASDAQ
tx_0007427,2025-06-07 09:58:36,PG,147.2,440,sell,NYSE
tx_0009387,2025-06-07 09:58:42,BRK.B,284.46,455,sell,NYSE
tx_0000381,2025-06-07 09:58:43,MSFT,300.11,367,buy,NASDAQ
tx_0004130,2025-06-07 09:58:44,BRK.B,281.68,796,buy,NYSE
tx_0001006,2025-06-07 09:58:47,NVDA,201.18,814,sell,NASDAQ
tx_0004589,2025-06-07 09:58:50,KO,55.54,678,sell,NYSE
tx_0007154,2025-06-07 09:58:51,V,226.16,913,sell,NYSE
tx_0001461,2025-06-07 09:58:54,MSFT,301.91,389,buy,NASDAQ
tx_0008519,2025-06-07 09:58:57,ADBE,579.82,464,sell,NASDAQ
tx_0004180,2025-06-07 09:58:59,PEP,150.75,716,sell,NYSE
tx_0005191,2025-06-07 09:59:01,PEP,149.12,17,buy,NYSE
tx_0006760,2025-06-07 09:59:04,AAPL,144.8,444,buy,NASDAQ
tx_0004529,2025-06-07 09:59:13,BRK.B,282.99,737,buy,NYSE
tx_0008270,2025-06-07 09:59:13,MA,356.06,514,sell,NYSE
tx_0004283,2025-06-07 09:59:17,NVDA,202.46,837,sell,NASDAQ
tx_0007464,2025-06-07 09:59:18,KO,55.16,274,sell,NYSE
tx_0002374,2025-06-07 09:59:20,JNJ,170.37,95,buy,NYSE
tx_0008441,2025-06-07 09:59:21,MCD,254.92,241,sell,NYSE
tx_0007626,2025-06-07 09:59:25,PG,145.39,183,sell,NYSE
tx_0003729,2025-06-07 09:59:28,MCD,254.48,938,buy,NYSE
tx_0004856,2025-06-07 09:59:32,TSLA,705.34,183,sell,NASDAQ
tx_0005633,2025-06-07 09:59:33,MA,352.43,360,buy,NYSE
tx_0005376,2025-06-07 09:59:35,JNJ,171.44,356,sell,NYSE
tx_0008438,2025-06-07 09:59:38,NVDA,201.09,497,sell,NASDAQ
tx_0003078,2025-06-07 09:59:41,JNJ,169.76,962,sell,NYSE
tx_0005940,2025-06-07 09:59:41,V,227.96,953,sell,NYSE
tx_0006353,2025-06-07 09:59:44,FB,323.16,111,sell,NASDAQ
tx_0007707,2025-06-07 09:59:51,JNJ,171.2,776,sell,NYSE
tx_0003478,2025-06-07 09:59:52,V,225.24,156,buy,NYSE
tx_0007007,2025-06-07 09:59:52,NVDA,202.63,750,sell,NASDAQ
tx_0006949,2025-06-07 09:59:53,KO,55.2,214,buy,NYSE
tx_0009373,2025-06-07 10:00:06,PYPL,248.34,719,buy,NASDAQ
tx_0005665,2025-06-07 10:00:06,PEP,149.33,322,buy,NYSE
tx_0003231,2025-06-07 10:00:07,PYPL,245.66,64,buy,NASDAQ
tx_0007232,2025-06-07 10:00:07,V,225.02,542,sell,NYSE
tx_0007962,2025-06-07 10:00:11,ADBE,573.53,622,sell,NASDAQ
tx_0009688,2025-06-07 10:00:12,NFLX,498.0,128,buy,NASDAQ
tx_0000092,2025-06-07 10:00:12,JNJ,171.68,891,buy,NYSE
tx_0009877,2025-06-07 10:00:12,WMT,139.23,998,buy,NYSE
tx_0005282,2025-06-07 10:00:16,DIS,186.83,907,buy,NYSE
tx_0003169,2025-06-07 10:00:19,PG,146.37,707,buy,NYSE
tx_0003239,2025-06-07 10:00:23,WMT,139.09,652,buy,NYSE
tx_0007914,2025-06-07 10:00:25,BRK.B,285.09,507,sell,NYSE
tx_0001988,2025-06-07 10:00:26,AMZN,3579.92,822,sell,NASDAQ
tx_0009314,2025-06-07 10:00:27,MA,353.68,134,sell,NYSE
tx_0002640,2025-06-07 10:00:28,KO,55.54,757,buy,NYSE
tx_0004108,2025-06-07 10:00:28,ADBE,571.18,505,sell,NASDAQ
tx_0008398,2025-06-07 10:00:30,PYPL,248.87,592,sell,NASDAQ
tx_0003221,2025-06-07 10:00:31,AAPL,145.21,967,buy,NASDAQ
tx_0003803,2025-06-07 10:00:35,TSLA,707.95,118,sell,NASDAQ
tx_0006546,2025-06-07 10:00:36,MSFT,303.17,555,sell,NASDAQ
tx_0002359,2025-06-07 10:00:37,GOOGL,2818.97,795,sell,NASDAQ
tx_0007918,2025-06-07 10:00:42,FB,325.3,514,buy,NASDAQ
tx_0005244,2025-06-07 10:00:45,NVDA,205.38,651,sell,NASDAQ
tx_0003409,2025-06-07 10:00:47,PG,146.14,189,sell,NYSE
tx_0007107,2025-06-07 10:00:52,NVDA,203.83,225,sell,NASDAQ
tx_0003137,2025-06-07 10:00:59,DIS,184.46,603,buy,NYSE
tx_0000177,2025-06-07 10:01:03,FB,328.52,516,sell,NASDAQ
tx_0002180,2025-06-07 10:01:07,GOOGL,2819.65,55,sell,NASDAQ
tx_0004370,2025-06-07 10:01:09,PEP,149.07,730,buy,NYSE
tx_0002268,2025-06-07 10:01:10,KO,54.87,644,buy,NYSE
tx_0007399,2025-06-07 10:01:13,PEP,151.36,25,buy,NYSE
tx_0005541,2025-06-07 10:01:13,GOOGL,2814.33,1000,sell,NASDAQ
tx_0002466,2025-06-07 10:01:17,MSFT,303.79,530,sell,NASDAQ
tx_0005677,2025-06-07 10:01:22,PYPL,246.78,651,sell,NASDAQ
tx_0006413,2025-06-07 10:01:22,ADBE,573.94,593,sell,NASDAQ
tx_0003262,2025-06-07 10:01:23,KO,55.35,763,sell,NYSE
tx_0005228,2025-06-07 10:01:24,BRK.B,285.52,327,buy,NYSE
tx_0009317,2025-06-07 10:01:25,MCD,256.64,719,buy,NYSE
tx_0009226,2025-06-07 10:01:27,MSFT,301.26,131,buy,NASDAQ
tx_0005608,2025-06-07 10:01:29,PYPL,246.55,518,sell,NASDAQ
tx_0009039,2025-06-07 10:01:31,MSFT,302.03,377,buy,NASDAQ
tx_0008726,2025-06-07 10:01:32,TSLA,716.28,987,buy,NASDAQ
tx_0004055,2025-06-07 10:01:38,MSFT,300.88,20,sell,NASDAQ
tx_0002948,2025-06-07 10:01:41,NFLX,492.82,463,sell,NASDAQ
tx_0007609,2025-06-07 10:01:42,PYPL,244.66,759,buy,NASDAQ
tx_0005246,2025-06-07 10:01:44,BRK.B,282.65,989,buy,NYSE
tx_0000524,2025-06-07 10:01:49,MCD,255.07,793,buy,NYSE
tx_0000168,2025-06-07 10:01:51,DIS,185.06,58,sell,NYSE
tx_0005006,2025-06-07 10:01:54,JNJ,170.24,98,buy,NYSE
tx_0005479,2025-06-07 10:01:55,PYPL,247.95,377,buy,NASDAQ
tx_0006106,2025-06-07 10:01:57,JNJ,170.71,297,sell,NYSE
tx_0002082,2025-06-07 10:01:58,PEP,147.91,289,buy,NYSE
tx_0005782,2025-06-07 10:02:00,PEP,148.11,527,sell,NYSE
tx_0009444,2025-06-07 10:02:01,PYPL,247.59,433,sell,NASDAQ
tx_0003633,2025-06-07 10:02:01,MSFT,304.66,42,sell,NASDAQ
tx_0005313,2025-06-07 10:02:08,KO,54.99,145,sell,NYSE
tx_0004617,2025-06-07 10:02:09,FB,325.74,746,buy,NASDAQ
tx_0009739,2025-06-07 10:02:13,WMT,140.06,499,buy,NYSE
tx_0004422,2025-06-07 10:02:13,PG,146.82,7,sell,NYSE
tx_0008656,2025-06-07 10:02:15,AAPL,146.55,646,buy,NASDAQ
tx_0006448,2025-06-07 10:02:16,NVDA,202.15,189,buy,NASDAQ
tx_0004848,2025-06-07 10:02:24,V,224.53,470,buy,NYSE
tx_0008693,2025-06-07 10:02:25,JNJ,170.63,642,sell,NYSE
tx_0000486,2025-06-07 10:02:26,PYPL,243.15,305,buy,NASDAQ
tx_0009450,2025-06-07 10:02:27,KO,54.49,208,buy,NYSE
tx_0000089,2025-06-07 10:02:31,MSFT,302.68,880,buy,NASDAQ
tx_0006151,2025-06-07 10:02:34,TSLA,702.15,179,buy,NASDAQ
tx_0007334,2025-06-07 10:02:35,NFLX,492.73,897,buy,NASDAQ
tx_0006113,2025-06-07 10:02:37,MSFT,304.41,4,buy,NASDAQ
tx_0003536,2025-06-07 10:02:42,NVDA,205.61,339,buy,NASDAQ
tx_0003333,2025-06-07 10:02:43,MSFT,301.98,454,buy,NASDAQ
tx_0006158,2025-06-07 10:02:48,MSFT,301.3,850,sell,NASDAQ
tx_0001479,2025-06-07 10:02:48,WMT,138.73,142,buy,NYSE
tx_0008840,2025-06-07 10:02:50,AMZN,3518.93,589,sell,NASDAQ
tx_0000401,2025-06-07 10:02:51,TSLA,711.86,773,buy,NASDAQ
tx_0001883,2025-06-07 10:02:53,V,226.7,332,sell,NYSE
tx_0009419,2025-06-07 10:02:57,PYPL,247.54,378,sell,NASDAQ
tx_0002904,2025-06-07 10:03:00,DIS,187.86,481,sell,NYSE
tx_0001570,2025-06-07 10:03:03,MA,346.8,206,buy,NYSE
tx_0006184,2025-06-07 10:03:03,TSLA,713.57,719,sell,NASDAQ
tx_0003497,2025-06-07 10:03:04,AMZN,3552.43,329,buy,NASDAQ
tx_0004498,2025-06-07 10:03:05,BRK.B,280.83,732,sell,NYSE
tx_0001140,2025-06-07 10:03:06,WMT,140.67,841,sell,NYSE
tx_0008595,2025-06-07 10:03:09,WMT,139.64,682,sell,NYSE
tx_0001393,2025-06-07 10:03:09,AMZN,3552.1,34,sell,NASDAQ
tx_0003115,2025-06-07 10:03:11,TSLA,703.99,600,buy,NASDAQ
tx_0000066,2025-06-07 10:03:14,PG,146.19,87,sell,NYSE
tx_0003235,2025-06-07 10:03:14,V,225.02,954,sell,NYSE
tx_0005765,2025-06-07 10:03:15,MSFT,303.32,671,buy,NASDAQ
tx_0006208,2025-06-07 10:03:17,AMZN,3558.73,764,buy,NASDAQ
tx_0004590,2025-06-07 10:03:17,PEP,148.47,598,sell,NYSE
tx_0002415,2025-06-07 10:03:18,KO,54.86,803,sell,NYSE
tx_0007945,2025-06-07 10:03:20,KO,55.16,953,sell,NYSE
tx_0003609,2025-06-07 10:03:21,JNJ,168.61,208,buy,NYSE
tx_0001133,2025-06-07 10:03:24,PYPL,245.63,452,buy,NASDAQ
tx_0001907,2025-06-07 10:03:25,PG,147.97,154,buy,NYSE
tx_0004326,2025-06-07 10:03:32,NVDA,201.99,822,buy,NASDAQ
tx_0004205,2025-06-07 10:03:35,V,225.42,688,sell,NYSE
tx_0000356,2025-06-07 10:03:38,WMT,138.67,880,buy,NYSE
tx_0001128,2025-06-07 10:03:40,FB,327.07,503,sell,NASDAQ
tx_0006614,2025-06-07 10:03:42,GOOGL,2817.55,632,buy,NASDAQ
tx_0004345,2025-06-07 10:03:43,WMT,140.48,764,buy,NYSE
tx_0007075,2025-06-07 10:03:43,V,224.94,44,buy,NYSE
tx_0005210,2025-06-07 10:03:44,JNJ,169.9,12,sell,NYSE
tx_0002913,2025-06-07 10:03:48,MCD,255.06,54,buy,NYSE
tx_0006661,2025-06-07 10:03:48,DIS,187.17,115,buy,NYSE
tx_0004296,2025-06-07 10:03:52,NFLX,498.16,584,sell,NASDAQ
tx_0002645,2025-06-07 10:03:53,MCD,255.44,502,sell,NYSE
tx_0003597,2025-06-07 10:03:54,PEP,150.14,702,buy,NYSE
tx_0007084,2025-06-07 10:03:55,V,225.75,670,buy,NYSE
tx_0008039,2025-06-07 10:03:55,FB,327.52,214,buy,NASDAQ
tx_0008927,2025-06-07 10:03:56,NVDA,204.61,449,buy,NASDAQ
tx_0009105,2025-06-07 10:03:57,GOOGL,2822.63,679,sell,NASDAQ
tx_0007710,2025-06-07 10:04:03,V,225.22,552,sell,NYSE
tx_0004931,2025-06-07 10:04:04,GOOGL,2818.12,630,buy,NASDAQ
tx_0000341,2025-06-07 10:04:05,PG,147.23,552,sell,NYSE
tx_0006723,2025-06-07 10:04:08,AAPL,148.01,304,buy,NASDAQ
tx_0001502,2025-06-07 10:04:12,V,227.33,326,buy,NYSE
tx_0008712,2025-06-07 10:04:13,MSFT,302.11,317,sell,NASDAQ
tx_0000666,2025-06-07 10:04:13,TSLA,698.91,190,buy,NASDAQ
tx_0006630,2025-06-07 10:04:15,GOOGL,2794.05,643,buy,NASDAQ
tx_0004965,2025-06-07 10:04:15,FB,323.76,551,buy,NASDAQ
tx_0000875,2025-06-07 10:04:17,JNJ,170.33,500,sell,NYSE
tx_0004948,2025-06-07 10:04:19,V,223.84,52,buy,NYSE
tx_0006860,2025-06-07 10:04:20,V,227.1,146,buy,NYSE
tx_0001245,2025-06-07 10:04:21,BRK.B,281.29,648,sell,NYSE
tx_0001635,2025-06-07 10:04:22,DIS,184.38,675,buy,NYSE
tx_0009209,2025-06-07 10:04:25,NVDA,205.92,99,sell,NASDAQ
tx_0007384,2025-06-07 10:04:26,FB,329.59,411,buy,NASDAQ
tx_0001667,2025-06-07 10:04:28,WMT,139.31,518,buy,NYSE
tx_0004742,2025-06-07 10:04:29,WMT,138.51,105,buy,NYSE
tx_0006612,2025-06-07 10:04:30,AAPL,145.97,573,buy,NASDAQ
tx_0000094,2025-06-07 10:04:33,PG,145.34,586,sell,NYSE
tx_0002473,2025-06-07 10:04:33,PEP,148.98,328,buy,NYSE
tx_0001483,2025-06-07 10:04:34,PG,145.43,184,buy,NYSE
tx_0003893,2025-06-07 10:04:36,NFLX,499.57,71,sell,NASDAQ
tx_0004518,2025-06-07 10:04:36,BRK.B,282.57,62,sell,NYSE
tx_0005317,2025-06-07 10:04:37,PG,147.04,127,sell,NYSE
tx_0003564,2025-06-07 10:04:39,GOOGL,2807.9,174,sell,NASDAQ
tx_0008881,2025-06-07 10:04:40,NFLX,493.28,806,sell,NASDAQ
tx_0007878,2025-06-07 10:04:41,MSFT,304.34,832,sell,NASDAQ
tx_0003993,2025-06-07 10:04:47,AMZN,3495.71,157,buy,NASDAQ
tx_0009309,2025-06-07 10:04:48,FB,324.35,288,buy,NASDAQ
tx_0007003,2025-06-07 10:04:51,PYPL,244.51,661,buy,NASDAQ
tx_0002738,2025-06-07 10:04:57,MCD,255.37,150,sell,NYSE
tx_0001914,2025-06-07 10:04:59,WMT,140.1,874,buy,NYSE
tx_0004894,2025-06-07 10:04:59,MCD,255.24,318,sell,NYSE
tx_0004246,2025-06-07 10:05:02,NFLX,498.33,143,buy,NASDAQ
tx_0002944,2025-06-07 10:05:03,ADBE,572.48,470,buy,NASDAQ
tx_0009782,2025-06-07 10:05:03,KO,54.89,660,buy,NYSE
tx_0000257,2025-06-07 10:05:05,NFLX,493.44,216,buy,NASDAQ
tx_0002663,2025-06-07 10:05:07,MSFT,301.0,938,sell,NASDAQ
tx_0006286,2025-06-07 10:05:09,AAPL,146.42,16,sell,NASDAQ
tx_0004619,2025-06-07 10:05:12,ADBE,572.19,257,buy,NASDAQ
tx_0004179,2025-06-07 10:05:13,FB,323.29,89,sell,NASDAQ
tx_0006215,2025-06-07 10:05:14,MSFT,304.19,862,sell,NASDAQ
tx_0002377,2025-06-07 10:05:15,TSLA,703.01,9,buy,NASDAQ
tx_0009487,2025-06-07 10:05:15,AAPL,147.35,898,buy,NASDAQ
tx_0000846,2025-06-07 10:05:19,AAPL,146.75,462,sell,NASDAQ
tx_0006930,2025-06-07 10:05:19,TSLA,707.78,414,sell,NASDAQ
tx_0008624,2025-06-07 10:05:22,FB,326.49,705,buy,NASDAQ
tx_0005355,2025-06-07 10:05:24,MCD,254.28,995,buy,NYSE
tx_0001903,2025-06-07 10:05:24,AAPL,146.28,529,buy,NASDAQ
tx_0001990,2025-06-07 10:05:29,V,227.77,411,sell,NYSE
tx_0004927,2025-06-07 10:05:30,WMT,138.12,301,sell,NYSE
tx_0008569,2025-06-07 10:05:36,GOOGL,2793.41,605,buy,NASDAQ
tx_0009458,2025-06-07 10:05:43,MA,349.66,14,sell,NYSE
tx_0005848,2025-06-07 10:05:44,V,226.65,166,sell,NYSE
tx_0009134,2025-06-07 10:05:45,KO,54.83,361,sell,NYSE
tx_0009498,2025-06-07 10:05:46,PYPL,248.78,683,buy,NASDAQ
tx_0004641,2025-06-07 10:05:47,BRK.B,284.86,14,sell,NYSE
tx_0003206,2025-06-07 10:05:49,PG,144.18,975,sell,NYSE
tx_0006510,2025-06-07 10:05:53,JNJ,170.72,219,sell,NYSE
tx_0002672,2025-06-07 10:06:01,AMZN,3490.74,553,sell,NASDAQ
tx_0004930,2025-06-07 10:06:02,NVDA,201.8,38,buy,NASDAQ
tx_0000391,2025-06-07 10:06:03,WMT,139.16,284,sell,NYSE
tx_0005927,2025-06-07 10:06:05,ADBE,572.86,971,buy,NASDAQ
tx_0002709,2025-06-07 10:06:05,TSLA,703.29,559,sell,NASDAQ
tx_0007365,2025-06-07 10:06:06,AMZN,3520.9,861,buy,NASDAQ
tx_0000784,2025-06-07 10:06:08,WMT,138.38,373,buy,NYSE
tx_0006024,2025-06-07 10:06:12,PG,146.33,141,buy,NYSE
tx_0000430,2025-06-07 10:06:17,GOOGL,2789.01,494,buy,NASDAQ
tx_0008179,2025-06-07 10:06:17,MCD,252.13,931,buy,NYSE
tx_0008446,2025-06-07 10:06:18,ADBE,576.26,502,sell,NASDAQ
tx_0007095,2025-06-07 10:06:21,V,224.8,33,buy,NYSE
tx_0008516,2025-06-07 10:06:22,KO,55.17,179,buy,NYSE
tx_0006139,2025-06-07 10:06:29,DIS,185.61,171,sell,NYSE
tx_0006946,2025-06-07 10:06:29,AAPL,147.89,29,sell,NASDAQ
tx_0002411,2025-06-07 10:06:39,NFLX,488.69,695,buy,NASDAQ
tx_0006266,2025-06-07 10:06:41,PG,145.47,995,buy,NYSE
tx_0004725,2025-06-07 10:06:41,WMT,138.15,866,buy,NYSE
tx_0005327,2025-06-07 10:06:48,AMZN,3509.57,148,buy,NASDAQ
tx_0002336,2025-06-07 10:06:51,ADBE,578.78,478,buy,NASDAQ
tx_0005147,2025-06-07 10:06:53,KO,55.39,449,sell,NYSE
tx_0009927,2025-06-07 10:06:53,MSFT,300.99,30,sell,NASDAQ
tx_0006291,2025-06-07 10:07:05,DIS,187.61,266,sell,NYSE
tx_0005796,2025-06-07 10:07:06,MCD,252.82,265,sell,NYSE
tx_0005140,2025-06-07 10:07:07,WMT,138.39,269,buy,NYSE
tx_0005741,2025-06-07 10:07:10,GOOGL,2777.09,98,buy,NASDAQ
tx_0007404,2025-06-07 10:07:11,V,224.15,189,sell,NYSE
tx_0000936,2025-06-07 10:07:14,PYPL,247.37,646,sell,NASDAQ
tx_0000539,2025-06-07 10:07:16,FB,321.07,642,buy,NASDAQ
tx_0008032,2025-06-07 10:07:19,MA,344.88,20,sell,NYSE
tx_0007788,2025-06-07 10:07:22,MSFT,305.86,79,sell,NASDAQ
tx_0003075,2025-06-07 10:07:22,DIS,187.33,135,buy,NYSE
tx_0004534,2025-06-07 10:07:24,DIS,184.43,35,sell,NYSE
tx_0004601,2025-06-07 10:07:25,NVDA,204.55,174,sell,NASDAQ
tx_0000850,2025-06-07 10:07:32,NFLX,487.23,121,buy,NASDAQ
tx_0004377,2025-06-07 10:07:33,PG,146.88,51,buy,NYSE
tx_0003039,2025-06-07 10:07:34,TSLA,709.89,32,buy,NASDAQ
tx_0003583,2025-06-07 10:07:44,NVDA,201.16,21,sell,NASDAQ
tx_0002494,2025-06-07 10:07:51,PG,147.83,214,sell,NYSE
tx_0005554,2025-06-07 10:07:52,V,227.11,647,buy,NYSE
tx_0001376,2025-06-07 10:07:56,AAPL,145.4,467,buy,NASDAQ
tx_0009764,2025-06-07 10:08:00,BRK.B,283.91,371,sell,NYSE
tx_0005314,2025-06-07 10:08:01,GOOGL,2773.93,465,sell,NASDAQ
tx_0005579,2025-06-07 10:08:02,BRK.B,285.1,132,sell,NYSE
tx_0000048,2025-06-07 10:08:02,PG,146.56,576,buy,NYSE
tx_0001933,2025-06-07 10:08:03,MCD,256.63,189,buy,NYSE
tx_0006898,2025-06-07 10:08:06,NVDA,200.82,265,sell,NASDAQ
tx_0009043,2025-06-07 10:08:15,PYPL,248.14,723,sell,NASDAQ
tx_0008636,2025-06-07 10:08:17,BRK.B,284.1,581,sell,NYSE
tx_0006054,2025-06-07 10:08:19,ADBE,569.19,350,buy,NASDAQ
tx_0001352,2025-06-07 10:08:19,BRK.B,285.58,39,buy,NYSE
tx_0000908,2025-06-07 10:08:20,DIS,187.81,998,buy,NYSE
tx_0001374,2025-06-07 10:08:23,KO,54.98,767,buy,NYSE
tx_0009540,2025-06-07 10:08:24,PG,147.54,916,buy,NYSE
tx_0002820,2025-06-07 10:08:25,AAPL,147.64,19,buy,NASDAQ
tx_0002696,2025-06-07 10:08:27,NVDA,202.8,796,sell,NASDAQ
tx_0002934,2025-06-07 10:08:29,NVDA,203.72,863,buy,NASDAQ
tx_0001915,2025-06-07 10:08:31,MA,345.77,195,sell,NYSE
tx_0009908,2025-06-07 10:08:32,FB,324.89,559,buy,NASDAQ
tx_0001276,2025-06-07 10:08:40,TSLA,715.12,235,buy,NASDAQ
tx_0009006,2025-06-07 10:08:42,V,226.6,584,sell,NYSE
tx_0006619,2025-06-07 10:08:44,AMZN,3516.59,425,sell,NASDAQ
tx_0008310,2025-06-07 10:08:45,FB,325.49,148,sell,NASDAQ
tx_0008026,2025-06-07 10:08:46,PYPL,248.1,866,sell,NASDAQ
tx_0007243,2025-06-07 10:08:53,KO,55.07,79,buy,NYSE
tx_0007204,2025-06-07 10:08:55,BRK.B,284.42,730,buy,NYSE
tx_0008167,2025-06-07 10:08:57,ADBE,575.48,811,buy,NASDAQ
tx_0006686,2025-06-07 10:08:58,DIS,185.98,431,sell,NYSE
tx_0000065,2025-06-07 10:08:58,WMT,141.75,487,sell,NYSE
tx_0003261,2025-06-07 10:09:03,MSFT,306.01,158,sell,NASDAQ
tx_0001789,2025-06-07 10:09:04,KO,55.94,271,buy,NYSE
tx_0007177,2025-06-07 10:09:05,JNJ,172.02,298,buy,NYSE
tx_0003602,2025-06-07 10:09:07,MA,347.43,987,buy,NYSE
tx_0007454,2025-06-07 10:09:08,AMZN,3519.64,419,sell,NASDAQ
tx_0004186,2025-06-07 10:09:09,MSFT,307.86,997,buy,NASDAQ
tx_0004236,2025-06-07 10:09:11,GOOGL,2787.53,323,sell,NASDAQ
tx_0000589,2025-06-07 10:09:17,MSFT,304.23,858,buy,NASDAQ
tx_0009137,2025-06-07 10:09:17,PG,146.78,419,sell,NYSE
tx_0007897,2025-06-07 10:09:19,PG,147.46,108,buy,NYSE
tx_0006647,2025-06-07 10:09:22,MCD,254.22,536,buy,NYSE
tx_0009690,2025-06-07 10:09:23,DIS,187.57,586,sell,NYSE
tx_0008111,2025-06-07 10:09:26,TSLA,713.93,392,sell,NASDAQ
tx_0007642,2025-06-07 10:09:27,WMT,141.15,926,sell,NYSE
tx_0000254,2025-06-07 10:09:29,GOOGL,2802.64,209,buy,NASDAQ
tx_0008835,2025-06-07 10:09:31,MCD,254.76,119,sell,NYSE
tx_0004766,2025-06-07 10:09:33,ADBE,578.78,640,sell,NASDAQ
tx_0004638,2025-06-07 10:09:42,WMT,139.65,418,sell,NYSE
tx_0001714,2025-06-07 10:09:44,PEP,151.19,665,sell,NYSE
tx_0004815,2025-06-07 10:09:45,MSFT,304.82,364,sell,NASDAQ
tx_0006846,2025-06-07 10:09:47,JNJ,170.98,567,sell,NYSE
tx_0003759,2025-06-07 10:09:47,KO,54.81,473,sell,NYSE
tx_0002669,2025-06-07 10:09:52,FB,322.7,112,buy,NASDAQ
tx_0006603,2025-06-07 10:09:57,WMT,140.85,651,buy,NYSE
tx_0008744,2025-06-07 10:09:58,MA,348.84,719,buy,NYSE
tx_0007881,2025-06-07 10:09:59,TSLA,711.07,29,sell,NASDAQ
tx_0004854,2025-06-07 10:10:00,TSLA,718.98,526,sell,NASDAQ
tx_0008280,2025-06-07 10:10:00,V,227.03,593,buy,NYSE
tx_0007597,2025-06-07 10:10:02,ADBE,569.96,563,sell,NASDAQ
tx_0003545,2025-06-07 10:10:05,PEP,149.13,849,sell,NYSE
tx_0007053,2025-06-07 10:10:08,NFLX,493.65,767,buy,NASDAQ
tx_0006218,2025-06-07 10:10:10,GOOGL,2807.72,558,buy,NASDAQ
tx_0002977,2025-06-07 10:10:11,MA,347.37,943,buy,NYSE
tx_0007688,2025-06-07 10:10:11,BRK.B,284.17,711,sell,NYSE
tx_0001378,2025-06-07 10:10:12,PG,147.38,119,sell,NYSE
tx_0001490,2025-06-07 10:10:15,AAPL,146.12,688,sell,NASDAQ
tx_0002978,2025-06-07 10:10:18,PYPL,247.41,42,sell,NASDAQ
tx_0002278,2025-06-07 10:10:18,PYPL,249.07,815,buy,NASDAQ
tx_0005064,2025-06-07 10:10:19,TSLA,710.94,40,buy,NASDAQ
tx_0007206,2025-06-07 10:10:26,GOOGL,2783.4,961,buy,NASDAQ
tx_0004807,2025-06-07 10:10:32,DIS,187.17,587,buy,NYSE
tx_0005722,2025-06-07 10:10:34,WMT,141.97,937,buy,NYSE
tx_0008896,2025-06-07 10:10:35,ADBE,569.41,602,sell,NASDAQ
tx_0008952,2025-06-07 10:10:37,JNJ,172.45,993,sell,NYSE
tx_0005943,2025-06-07 10:10:37,ADBE,574.57,716,sell,NASDAQ
tx_0008361,2025-06-07 10:10:37,MCD,256.57,954,buy,NYSE
tx_0009665,2025-06-07 10:10:38,BRK.B,288.24,595,sell,NYSE
tx_0009955,2025-06-07 10:10:39,JNJ,170.06,745,sell,NYSE
tx_0000288,2025-06-07 10:10:40,V,225.71,525,sell,NYSE
tx_0007872,2025-06-07 10:10:43,V,226.12,394,buy,NYSE
tx_0002160,2025-06-07 10:10:48,AAPL,145.8,924,sell,NASDAQ
tx_0004188,2025-06-07 10:10:49,PYPL,249.11,931,sell,NASDAQ
tx_0004768,2025-06-07 10:10:49,MA,345.87,381,buy,NYSE
tx_0001567,2025-06-07 10:10:52,TSLA,710.89,432,sell,NASDAQ
tx_0006175,2025-06-07 10:10:58,BRK.B,284.74,326,buy,NYSE
tx_0007553,2025-06-07 10:10:59,MA,344.62,804,sell,NYSE
tx_0000805,2025-06-07 10:10:59,MA,349.43,494,sell,NYSE
tx_0000637,2025-06-07 10:11:00,NFLX,487.84,693,sell,NASDAQ
tx_0007655,2025-06-07 10:11:08,FB,322.68,759,buy,NASDAQ
tx_0009569,2025-06-07 10:11:09,AAPL,147.91,416,buy,NASDAQ
tx_0003608,2025-06-07 10:11:11,NVDA,201.99,633,buy,NASDAQ
tx_0009462,2025-06-07 10:11:14,KO,54.88,227,sell,NYSE
tx_0006966,2025-06-07 10:11:15,JNJ,170.32,57,buy,NYSE
tx_0001185,2025-06-07 10:11:16,JNJ,171.93,41,sell,NYSE
tx_0002083,2025-06-07 10:11:23,MSFT,307.94,842,sell,NASDAQ
tx_0001323,2025-06-07 10:11:25,JNJ,169.56,237,buy,NYSE
tx_0008756,2025-06-07 10:11:27,TSLA,714.73,753,sell,NASDAQ
tx_0009720,2025-06-07 10:11:30,PYPL,250.1,891,sell,NASDAQ
tx_0001338,2025-06-07 10:11:37,WMT,138.68,830,sell,NYSE
tx_0009960,2025-06-07 10:11:37,V,229.43,868,sell,NYSE
tx_0005264,2025-06-07 10:11:38,AAPL,145.73,138,buy,NASDAQ
tx_0006444,2025-06-07 10:11:38,ADBE,568.16,625,sell,NASDAQ
tx_0009717,2025-06-07 10:11:39,AAPL,145.94,867,sell,NASDAQ
tx_0009564,2025-06-07 10:11:40,NVDA,201.95,409,sell,NASDAQ
tx_0001437,2025-06-07 10:11:45,GOOGL,2782.31,602,buy,NASDAQ
tx_0001998,2025-06-07 10:11:46,DIS,187.03,22,sell,NYSE
tx_0009455,2025-06-07 10:11:46,PEP,150.52,200,sell,NYSE
tx_0008950,2025-06-07 10:11:46,PYPL,250.81,456,sell,NASDAQ
tx_0004489,2025-06-07 10:11:47,JNJ,170.22,110,sell,NYSE
tx_0003440,2025-06-07 10:11:48,PG,145.63,241,buy,NYSE
tx_0006663,2025-06-07 10:11:48,NFLX,485.74,926,buy,NASDAQ
tx_0006304,2025-06-07 10:11:50,BRK.B,284.37,733,sell,NYSE
tx_0007059,2025-06-07 10:11:52,FB,326.22,316,sell,NASDAQ
tx_0007079,2025-06-07 10:11:53,NFLX,488.99,730,sell,NASDAQ
tx_0001550,2025-06-07 10:11:54,NVDA,199.21,655,buy,NASDAQ
tx_0008469,2025-06-07 10:11:54,DIS,185.69,37,buy,NYSE
tx_0007224,2025-06-07 10:11:56,AAPL,146.93,465,sell,NASDAQ
tx_0005042,2025-06-07 10:11:57,AMZN,3550.07,715,sell,NASDAQ
tx_0000199,2025-06-07 10:12:01,V,226.14,684,buy,NYSE
tx_0005233,2025-06-07 10:12:04,TSLA,711.3,812,sell,NASDAQ
tx_0003369,2025-06-07 10:12:17,AAPL,145.74,558,buy,NASDAQ
tx_0002458,2025-06-07 10:12:19,PEP,150.05,153,buy,NYSE
tx_0007210,2025-06-07 10:12:19,AMZN,3557.94,919,buy,NASDAQ
tx_0003855,2025-06-07 10:12:19,ADBE,574.81,885,sell,NASDAQ
tx_0009760,2025-06-07 10:12:26,MA,346.26,950,sell,NYSE
tx_0000963,2025-06-07 10:12:37,TSLA,717.33,587,buy,NASDAQ
tx_0007876,2025-06-07 10:12:39,NFLX,483.42,336,sell,NASDAQ
tx_0003656,2025-06-07 10:12:41,TSLA,709.58,435,buy,NASDAQ
tx_0006700,2025-06-07 10:12:44,JNJ,173.03,57,sell,NYSE
tx_0001637,2025-06-07 10:12:50,MCD,254.79,488,buy,NYSE
tx_0005522,2025-06-07 10:12:51,DIS,184.84,688,buy,NYSE
tx_0003766,2025-06-07 10:12:52,KO,55.44,925,buy,NYSE
tx_0004385,2025-06-07 10:12:55,TSLA,711.6,727,sell,NASDAQ
tx_0008764,2025-06-07 10:13:06,V,226.23,121,sell,NYSE
tx_0007280,2025-06-07 10:13:07,TSLA,717.76,956,sell,NASDAQ
tx_0002955,2025-06-07 10:13:07,PG,146.84,651,buy,NYSE
tx_0009255,2025-06-07 10:13:08,PEP,151.45,544,buy,NYSE
tx_0000470,2025-06-07 10:13:09,AMZN,3526.65,103,sell,NASDAQ
tx_0003334,2025-06-07 10:13:10,PEP,148.55,925,sell,NYSE
tx_0009224,2025-06-07 10:13:14,MCD,256.85,779,buy,NYSE
tx_0000755,2025-06-07 10:13:15,AAPL,146.24,929,buy,NASDAQ
tx_0008346,2025-06-07 10:13:20,GOOGL,2771.29,472,buy,NASDAQ
tx_0007363,2025-06-07 10:13:20,V,225.92,817,sell,NYSE
tx_0002425,2025-06-07 10:13:23,NVDA,202.7,982,sell,NASDAQ
tx_0001104,2025-06-07 10:13:25,TSLA,709.81,801,buy,NASDAQ
tx_0009214,2025-06-07 10:13:27,FB,329.44,53,sell,NASDAQ
tx_0005882,2025-06-07 10:13:27,MSFT,302.12,357,buy,NASDAQ
tx_0006078,2025-06-07 10:13:27,MA,349.36,516,sell,NYSE
tx_0004129,2025-06-07 10:13:29,GOOGL,2771.95,181,sell,NASDAQ
tx_0001708,2025-06-07 10:13:41,AAPL,147.68,30,sell,NASDAQ
tx_0000343,2025-06-07 10:13:42,KO,54.99,681,sell,NYSE
tx_0008370,2025-06-07 10:13:42,JNJ,172.2,230,sell,NYSE
tx_0003829,2025-06-07 10:13:46,DIS,185.66,953,sell,NYSE
tx_0005919,2025-06-07 10:13:46,GOOGL,2763.9,745,sell,NASDAQ
tx_0001563,2025-06-07 10:13:47,AAPL,146.97,418,sell,NASDAQ
tx_0004217,2025-06-07 10:13:52,BRK.B,285.32,973,sell,NYSE
tx_0002503,2025-06-07 10:14:01,GOOGL,2784.39,941,buy,NASDAQ
tx_0004091,2025-06-07 10:14:08,MSFT,303.39,381,sell,NASDAQ
tx_0003535,2025-06-07 10:14:10,GOOGL,2783.65,943,sell,NASDAQ
tx_0007150,2025-06-07 10:14:15,MCD,257.67,639,buy,NYSE
tx_0007470,2025-06-07 10:14:17,NVDA,203.87,718,buy,NASDAQ
tx_0000719,2025-06-07 10:14:19,PG,147.24,447,sell,NYSE
tx_0002731,2025-06-07 10:14:20,WMT,138.9,35,sell,NYSE
tx_0008865,2025-06-07 10:14:21,MSFT,303.09,842,buy,NASDAQ
tx_0005586,2025-06-07 10:14:23,ADBE,569.42,802,sell,NASDAQ
tx_0000905,2025-06-07 10:14:24,TSLA,704.48,892,buy,NASDAQ
tx_0005734,2025-06-07 10:14:24,BRK.B,288.65,413,sell,NYSE
tx_0007214,2025-06-07 10:14:29,JNJ,173.01,675,buy,NYSE
tx_0005628,2025-06-07 10:14:31,AMZN,3582.15,386,sell,NASDAQ
tx_0006595,2025-06-07 10:14:33,MA,350.18,455,sell,NYSE
tx_0005441,2025-06-07 10:14:36,DIS,186.81,909,buy,NYSE
tx_0002793,2025-06-07 10:14:38,AMZN,3548.9,777,buy,NASDAQ
tx_0009854,2025-06-07 10:14:47,AMZN,3597.16,502,sell,NASDAQ
tx_0005854,2025-06-07 10:14:51,BRK.B,285.69,718,buy,NYSE
tx_0009861,2025-06-07 10:14:51,BRK.B,284.76,332,sell,NYSE
tx_0006861,2025-06-07 10:14:52,MSFT,303.95,820,buy,NASDAQ
tx_0008073,2025-06-07 10:14:52,NFLX,489.63,942,sell,NASDAQ
tx_0004571,2025-06-07 10:15:03,AAPL,148.81,972,buy,NASDAQ
tx_0006331,2025-06-07 10:15:12,AAPL,148.78,986,buy,NASDAQ
tx_0004222,2025-06-07 10:15:13,PYPL,248.69,452,sell,NASDAQ
tx_0004138,2025-06-07 10:15:17,MSFT,306.4,75,sell,NASDAQ
tx_0004843,2025-06-07 10:15:17,V,229.89,703,sell,NYSE
tx_0004350,2025-06-07 10:15:20,GOOGL,2775.85,83,sell,NASDAQ
tx_0005982,2025-06-07 10:15:20,TSLA,713.24,737,buy,NASDAQ
tx_0005366,2025-06-07 10:15:20,BRK.B,287.09,58,buy,NYSE
tx_0003722,2025-06-07 10:15:20,NVDA,203.94,53,buy,NASDAQ
tx_0007517,2025-06-07 10:15:26,MA,350.13,640,sell,NYSE
tx_0002878,2025-06-07 10:15:27,AMZN,3553.17,392,buy,NASDAQ
tx_0003797,2025-06-07 10:15:30,JNJ,172.75,377,sell,NYSE
tx_0000141,2025-06-07 10:15:30,GOOGL,2775.41,845,buy,NASDAQ
tx_0007129,2025-06-07 10:15:37,FB,329.04,363,sell,NASDAQ
tx_0001259,2025-06-07 10:15:39,NFLX,484.99,933,sell,NASDAQ
tx_0003185,2025-06-07 10:15:42,JNJ,171.58,140,sell,NYSE
tx_0006422,2025-06-07 10:15:43,BRK.B,285.07,478,sell,NYSE
tx_0008603,2025-06-07 10:15:43,BRK.B,288.61,526,sell,NYSE
tx_0001676,2025-06-07 10:15:46,MA,344.11,26,sell,NYSE
tx_0007158,2025-06-07 10:15:47,BRK.B,288.35,369,buy,NYSE
tx_0003372,2025-06-07 10:15:47,PG,149.12,155,sell,NYSE
tx_0009958,2025-06-07 10:15:53,V,226.47,197,sell,NYSE
tx_0005458,2025-06-07 10:15:54,DIS,186.48,73,buy,NYSE
tx_0009407,2025-06-07 10:15:55,TSLA,713.5,411,buy,NASDAQ
tx_0008924,2025-06-07 10:15:58,PEP,150.2,870,sell,NYSE
tx_0008606,2025-06-07 10:16:01,AMZN,3568.08,999,buy,NASDAQ
tx_0005285,2025-06-07 10:16:05,NFLX,485.06,153,sell,NASDAQ
tx_0007338,2025-06-07 10:16:17,PYPL,248.81,10,sell,NASDAQ
tx_0007874,2025-06-07 10:16:23,DIS,188.42,534,sell,NYSE
tx_0002761,2025-06-07 10:16:25,FB,327.81,398,buy,NASDAQ
tx_0004739,2025-06-07 10:16:27,NFLX,492.79,286,buy,NASDAQ
tx_0001620,2025-06-07 10:16:31,GOOGL,2758.42,651,sell,NASDAQ
tx_0006319,2025-06-07 10:16:31,MSFT,305.43,4,buy,NASDAQ
tx_0004429,2025-06-07 10:16:33,NVDA,204.78,352,sell,NASDAQ
tx_0009270,2025-06-07 10:16:36,AAPL,146.71,224,buy,NASDAQ
tx_0003935,2025-06-07 10:16:38,MCD,253.88,853,sell,NYSE
tx_0007157,2025-06-07 10:16:38,ADBE,580.59,548,buy,NASDAQ
tx_0009427,2025-06-07 10:16:40,JNJ,174.32,358,sell,NYSE
tx_0009323,2025-06-07 10:16:40,MA,348.93,517,buy,NYSE
tx_0000171,2025-06-07 10:16:41,WMT,140.4,743,buy,NYSE
tx_0005728,2025-06-07 10:16:42,KO,54.53,751,sell,NYSE
tx_0007192,2025-06-07 10:16:42,DIS,189.75,567,sell,NYSE
tx_0001233,2025-06-07 10:16:43,JNJ,172.94,780,buy,NYSE
tx_0008986,2025-06-07 10:16:44,DIS,187.0,787,buy,NYSE
tx_0009592,2025-06-07 10:16:46,MCD,256.62,244,sell,NYSE
tx_0000475,2025-06-07 10:16:46,DIS,189.36,701,buy,NYSE
tx_0009791,2025-06-07 10:16:49,BRK.B,286.16,81,sell,NYSE
tx_0009995,2025-06-07 10:16:49,AAPL,148.88,382,buy,NASDAQ
tx_0005637,2025-06-07 10:16:52,JNJ,172.47,559,sell,NYSE
tx_0009848,2025-06-07 10:16:56,BRK.B,287.17,780,sell,NYSE
tx_0007511,2025-06-07 10:16:59,KO,54.32,288,buy,NYSE
tx_0007026,2025-06-07 10:16:59,JNJ,172.02,11,sell,NYSE
tx_0001344,2025-06-07 10:17:00,V,228.8,785,sell,NYSE
tx_0008042,2025-06-07 10:17:02,NVDA,201.11,994,buy,NASDAQ
tx_0006067,2025-06-07 10:17:03,KO,54.79,876,buy,NYSE
tx_0002548,2025-06-07 10:17:05,FB,330.18,450,buy,NASDAQ
tx_0009838,2025-06-07 10:17:06,PEP,150.09,911,buy,NYSE
tx_0005706,2025-06-07 10:17:08,MCD,257.19,762,buy,NYSE
tx_0003796,2025-06-07 10:17:09,WMT,140.19,276,buy,NYSE
tx_0006786,2025-06-07 10:17:09,WMT,139.97,890,buy,NYSE
tx_0004610,2025-06-07 10:17:13,DIS,189.02,297,sell,NYSE
tx_0002871,2025-06-07 10:17:18,PEP,149.4,96,buy,NYSE
tx_0009425,2025-06-07 10:17:19,BRK.B,286.12,517,sell,NYSE
tx_0007002,2025-06-07 10:17:19,GOOGL,2780.68,574,buy,NASDAQ
tx_0005865,2025-06-07 10:17:25,MA,344.66,893,sell,NYSE
tx_0003612,2025-06-07 10:17:25,NVDA,202.66,618,buy,NASDAQ
tx_0002479,2025-06-07 10:17:26,MA,350.9,351,sell,NYSE
tx_0009805,2025-06-07 10:17:27,KO,54.77,704,sell,NYSE
tx_0002092,2025-06-07 10:17:30,BRK.B,286.41,609,sell,NYSE
tx_0001560,2025-06-07 10:17:36,FB,323.33,939,sell,NASDAQ
tx_0000817,2025-06-07 10:17:36,V,227.84,53,buy,NYSE
tx_0002110,2025-06-07 10:17:37,MSFT,302.53,527,buy,NASDAQ
tx_0004932,2025-06-07 10:17:38,PEP,149.95,276,buy,NYSE
tx_0002936,2025-06-07 10:17:40,MCD,256.26,578,sell,NYSE
tx_0004333,2025-06-07 10:17:40,MA,349.5,297,buy,NYSE
tx_0003994,2025-06-07 10:17:40,MCD,252.64,829,sell,NYSE
tx_0001956,2025-06-07 10:17:46,ADBE,579.73,404,buy,NASDAQ
tx_0006402,2025-06-07 10:17:51,DIS,185.95,813,sell,NYSE
tx_0007085,2025-06-07 10:17:58,NFLX,482.84,976,buy,NASDAQ
tx_0001285,2025-06-07 10:17:59,JNJ,173.25,251,sell,NYSE
tx_0002604,2025-06-07 10:18:03,PYPL,247.71,331,sell,NASDAQ
tx_0001122,2025-06-07 10:18:06,AAPL,146.79,116,sell,NASDAQ
tx_0006168,2025-06-07 10:18:08,PG,147.1,638,buy,NYSE
tx_0009456,2025-06-07 10:18:16,TSLA,707.16,110,sell,NASDAQ
tx_0009471,2025-06-07 10:18:16,PEP,151.21,327,buy,NYSE
tx_0000813,2025-06-07 10:18:18,NFLX,486.5,552,sell,NASDAQ
tx_0000691,2025-06-07 10:18:20,MSFT,304.18,709,sell,NASDAQ
tx_0005074,2025-06-07 10:18:20,MA,350.74,883,sell,NYSE
tx_0004522,2025-06-07 10:18:22,DIS,187.11,90,sell,NYSE
tx_0002510,2025-06-07 10:18:22,WMT,138.22,464,buy,NYSE
tx_0008336,2025-06-07 10:18:26,JNJ,173.74,863,buy,NYSE
tx_0004910,2025-06-07 10:18:27,JNJ,171.92,971,buy,NYSE
tx_0009496,2025-06-07 10:18:28,PYPL,247.58,40,buy,NASDAQ
tx_0001377,2025-06-07 10:18:29,WMT,139.78,437,sell,NYSE
tx_0001709,2025-06-07 10:18:30,MCD,253.58,423,sell,NYSE
tx_0005794,2025-06-07 10:18:36,AMZN,3580.07,197,buy,NASDAQ
tx_0005846,2025-06-07 10:18:36,PEP,150.76,679,sell,NYSE
tx_0004690,2025-06-07 10:18:43,AAPL,148.23,631,sell,NASDAQ
tx_0000200,2025-06-07 10:18:44,DIS,187.52,868,buy,NYSE
tx_0004688,2025-06-07 10:18:49,KO,54.31,47,sell,NYSE
tx_0005508,2025-06-07 10:18:49,AMZN,3593.11,572,sell,NASDAQ
tx_0001413,2025-06-07 10:18:54,GOOGL,2781.74,465,buy,NASDAQ
tx_0000789,2025-06-07 10:18:55,ADBE,570.84,467,buy,NASDAQ
tx_0009796,2025-06-07 10:18:58,FB,329.5,181,buy,NASDAQ
tx_0004201,2025-06-07 10:18:59,MSFT,301.78,856,sell,NASDAQ
tx_0005113,2025-06-07 10:18:59,AMZN,3538.22,514,buy,NASDAQ
tx_0008290,2025-06-07 10:19:11,JNJ,171.92,367,buy,NYSE
tx_0009641,2025-06-07 10:19:15,PEP,151.23,480,buy,NYSE
tx_0004684,2025-06-07 10:19:17,GOOGL,2765.13,68,sell,NASDAQ
tx_0005290,2025-06-07 10:19:17,AMZN,3544.37,72,sell,NASDAQ
tx_0005901,2025-06-07 10:19:25,PG,145.46,528,sell,NYSE
tx_0002707,2025-06-07 10:19:26,FB,329.6,477,sell,NASDAQ
tx_0002341,2025-06-07 10:19:28,FB,328.01,684,buy,NASDAQ
tx_0005582,2025-06-07 10:19:28,DIS,187.55,803,buy,NYSE
tx_0008868,2025-06-07 10:19:29,GOOGL,2788.35,31,sell,NASDAQ
tx_0000189,2025-06-07 10:19:32,DIS,186.34,450,sell,NYSE
tx_0002543,2025-06-07 10:19:32,TSLA,710.65,465,sell,NASDAQ
tx_0000411,2025-06-07 10:19:33,DIS,186.64,85,buy,NYSE
tx_0001015,2025-06-07 10:19:35,MA,352.22,898,sell,NYSE
tx_0009924,2025-06-07 10:19:38,FB,326.17,798,sell,NASDAQ
tx_0005754,2025-06-07 10:19:38,AAPL,149.4,997,buy,NASDAQ
tx_0006496,2025-06-07 10:19:42,FB,329.89,785,buy,NASDAQ
tx_0000878,2025-06-07 10:19:43,MSFT,302.75,249,sell,NASDAQ
tx_0009157,2025-06-07 10:19:44,BRK.B,288.12,452,sell,NYSE
tx_0009633,2025-06-07 10:19:50,AAPL,148.4,243,buy,NASDAQ
tx_0003863,2025-06-07 10:19:50,FB,328.88,233,buy,NASDAQ
tx_0004112,2025-06-07 10:19:52,NFLX,494.39,870,buy,NASDAQ
tx_0006257,2025-06-07 10:19:57,MCD,253.83,208,sell,NYSE
tx_0007547,2025-06-07 10:19:58,MCD,252.49,437,sell,NYSE
tx_0009817,2025-06-07 10:20:00,WMT,138.68,607,sell,NYSE
tx_0009443,2025-06-07 10:20:00,ADBE,570.18,309,buy,NASDAQ
tx_0002393,2025-06-07 10:20:01,GOOGL,2752.11,326,sell,NASDAQ
tx_0007698,2025-06-07 10:20:04,NFLX,495.57,763,sell,NASDAQ
tx_0006965,2025-06-07 10:20:06,DIS,186.24,929,buy,NYSE
tx_0004959,2025-06-07 10:20:07,AAPL,147.3,690,buy,NASDAQ
tx_0005766,2025-06-07 10:20:09,ADBE,565.59,924,buy,NASDAQ
tx_0000462,2025-06-07 10:20:13,WMT,139.26,756,buy,NYSE
tx_0008641,2025-06-07 10:20:19,PG,147.66,198,sell,NYSE
tx_0006591,2025-06-07 10:20:25,NVDA,200.78,390,sell,NASDAQ
tx_0006903,2025-06-07 10:20:25,BRK.B,292.3,369,sell,NYSE
tx_0009710,2025-06-07 10:20:27,DIS,187.69,868,sell,NYSE
tx_0001451,2025-06-07 10:20:29,TSLA,712.12,652,sell,NASDAQ
tx_0007711,2025-06-07 10:20:29,DIS,188.14,252,sell,NYSE
tx_0001562,2025-06-07 10:20:31,MA,350.77,69,sell,NYSE
tx_0000464,2025-06-07 10:20:34,GOOGL,2778.89,66,sell,NASDAQ
tx_0008442,2025-06-07 10:20:34,WMT,138.5,887,buy,NYSE
tx_0004651,2025-06-07 10:20:37,ADBE,574.0,297,buy,NASDAQ
tx_0009829,2025-06-07 10:20:38,PYPL,248.05,136,buy,NASDAQ
tx_0002725,2025-06-07 10:20:43,KO,54.85,36,buy,NYSE
tx_0006515,2025-06-07 10:20:43,TSLA,704.08,625,sell,NASDAQ
tx_0008218,2025-06-07 10:20:48,AAPL,148.03,454,buy,NASDAQ
tx_0005071,2025-06-07 10:20:48,NFLX,492.96,45,buy,NASDAQ
tx_0006368,2025-06-07 10:20:50,WMT,138.23,81,buy,NYSE
tx_0000310,2025-06-07 10:20:54,FB,326.12,850,buy,NASDAQ
tx_0005037,2025-06-07 10:20:55,NFLX,492.18,82,sell,NASDAQ
tx_0003929,2025-06-07 10:20:55,MSFT,303.56,32,buy,NASDAQ
tx_0001644,2025-06-07 10:20:56,TSLA,707.57,155,sell,NASDAQ
tx_0006562,2025-06-07 10:20:56,PG,144.91,320,buy,NYSE
tx_0006467,2025-06-07 10:21:01,TSLA,708.38,198,buy,NASDAQ
tx_0008526,2025-06-07 10:21:05,KO,54.42,379,buy,NYSE
tx_0006397,2025-06-07 10:21:07,ADBE,573.87,275,sell,NASDAQ
tx_0006428,2025-06-07 10:21:10,PEP,152.59,907,sell,NYSE
tx_0002429,2025-06-07 10:21:10,FB,329.4,665,buy,NASDAQ
tx_0001584,2025-06-07 10:21:11,TSLA,717.48,81,sell,NASDAQ
tx_0005620,2025-06-07 10:21:13,NFLX,498.12,291,sell,NASDAQ
tx_0009727,2025-06-07 10:21:16,JNJ,172.39,765,sell,NYSE
tx_0007618,2025-06-07 10:21:17,PEP,150.5,420,sell,NYSE
tx_0003066,2025-06-07 10:21:23,TSLA,708.46,242,sell,NASDAQ
tx_0003297,2025-06-07 10:21:24,V,229.84,402,buy,NYSE
tx_0008674,2025-06-07 10:21:27,NVDA,201.76,693,sell,NASDAQ
tx_0002562,2025-06-07 10:21:27,NFLX,494.62,688,buy,NASDAQ
tx_0007199,2025-06-07 10:21:34,WMT,139.34,898,buy,NYSE
tx_0003489,2025-06-07 10:21:35,MCD,252.19,37,buy,NYSE
tx_0001175,2025-06-07 10:21:37,NVDA,200.96,293,buy,NASDAQ
tx_0000696,2025-06-07 10:21:39,MA,352.26,440,buy,NYSE
tx_0001151,2025-06-07 10:21:41,MCD,255.35,212,buy,NYSE
tx_0000753,2025-06-07 10:21:45,PYPL,245.29,932,buy,NASDAQ
tx_0005475,2025-06-07 10:21:46,MSFT,302.41,812,sell,NASDAQ
tx_0002054,2025-06-07 10:21:47,WMT,138.01,931,buy,NYSE
tx_0009399,2025-06-07 10:21:52,FB,326.04,478,buy,NASDAQ
tx_0003254,2025-06-07 10:21:52,KO,54.67,969,buy,NYSE
tx_0006478,2025-06-07 10:21:54,V,227.76,23,buy,NYSE
tx_0004714,2025-06-07 10:21:55,JNJ,170.96,755,buy,NYSE
tx_0000087,2025-06-07 10:21:57,NVDA,201.08,226,sell,NASDAQ
tx_0000355,2025-06-07 10:22:02,PG,147.04,29,buy,NYSE
tx_0008499,2025-06-07 10:22:03,DIS,186.5,402,buy,NYSE
tx_0006377,2025-06-07 10:22:04,DIS,186.77,901,sell,NYSE
tx_0004390,2025-06-07 10:22:09,NVDA,202.4,162,sell,NASDAQ
tx_0002031,2025-06-07 10:22:09,V,229.83,916,sell,NYSE
tx_0008722,2025-06-07 10:22:10,TSLA,710.19,325,sell,NASDAQ
tx_0001614,2025-06-07 10:22:15,WMT,139.02,407,buy,NYSE
tx_0001214,2025-06-07 10:22:26,NVDA,202.34,673,sell,NASDAQ
tx_0007104,2025-06-07 10:22:28,WMT,136.9,435,buy,NYSE
tx_0007955,2025-06-07 10:22:28,JNJ,171.86,60,buy,NYSE
tx_0005087,2025-06-07 10:22:34,NFLX,494.74,46,sell,NASDAQ
tx_0000823,2025-06-07 10:22:36,JNJ,171.81,367,sell,NYSE
tx_0009360,2025-06-07 10:22:36,MSFT,304.01,984,sell,NASDAQ
tx_0002840,2025-06-07 10:22:36,MSFT,306.25,11,sell,NASDAQ
tx_0007071,2025-06-07 10:22:45,JNJ,172.05,25,buy,NYSE
tx_0001633,2025-06-07 10:22:48,NVDA,201.55,24,sell,NASDAQ
tx_0001790,2025-06-07 10:22:48,V,228.62,533,sell,NYSE
tx_0002998,2025-06-07 10:22:49,MA,347.09,265,buy,NYSE
tx_0006003,2025-06-07 10:22:52,NVDA,201.55,174,buy,NASDAQ
tx_0001478,2025-06-07 10:22:53,PEP,153.03,518,sell,NYSE
tx_0002689,2025-06-07 10:22:58,PYPL,247.6,763,buy,NASDAQ
tx_0006567,2025-06-07 10:22:59,DIS,187.93,356,sell,NYSE
tx_0008964,2025-06-07 10:23:05,MCD,251.8,768,sell,NYSE
tx_0002965,2025-06-07 10:23:09,DIS,189.27,983,sell,NYSE
tx_0000842,2025-06-07 10:23:10,DIS,189.09,108,sell,NYSE
tx_0005784,2025-06-07 10:23:13,WMT,138.6,580,buy,NYSE
tx_0000084,2025-06-07 10:23:14,KO,54.93,656,buy,NYSE
tx_0009858,2025-06-07 10:23:20,NFLX,489.75,48,buy,NASDAQ
tx_0004764,2025-06-07 10:23:20,MA,351.27,757,buy,NYSE
tx_0008360,2025-06-07 10:23:23,MA,351.58,612,sell,NYSE
tx_0008921,2025-06-07 10:23:24,PG,145.95,211,sell,NYSE
tx_0002471,2025-06-07 10:23:25,BRK.B,289.74,380,buy,NYSE
tx_0003473,2025-06-07 10:23:26,V,229.93,500,buy,NYSE
tx_0006111,2025-06-07 10:23:30,AAPL,148.64,446,buy,NASDAQ
tx_0004093,2025-06-07 10:23:38,GOOGL,2743.6,225,sell,NASDAQ
tx_0003520,2025-06-07 10:23:40,BRK.B,291.0,571,sell,NYSE
tx_0004110,2025-06-07 10:23:41,MCD,253.69,643,buy,NYSE
tx_0004825,2025-06-07 10:23:45,BRK.B,289.57,319,sell,NYSE
tx_0008730,2025-06-07 10:23:51,PEP,151.09,160,buy,NYSE
tx_0004508,2025-06-07 10:23:55,WMT,139.67,378,sell,NYSE
tx_0008011,2025-06-07 10:23:57,GOOGL,2755.9,607,sell,NASDAQ
tx_0004306,2025-06-07 10:23:59,BRK.B,287.23,733,sell,NYSE
tx_0007704,2025-06-07 10:24:00,KO,54.53,448,sell,NYSE
tx_0000720,2025-06-07 10:24:00,MSFT,305.47,639,buy,NASDAQ
tx_0004936,2025-06-07 10:24:03,AMZN,3540.06,459,sell,NASDAQ
tx_0003865,2025-06-07 10:24:04,NVDA,199.85,441,buy,NASDAQ
tx_0004845,2025-06-07 10:24:06,ADBE,573.38,287,sell,NASDAQ
tx_0002129,2025-06-07 10:24:12,KO,54.57,450,buy,NYSE
tx_0004957,2025-06-07 10:24:13,PEP,150.9,39,sell,NYSE
tx_0002148,2025-06-07 10:24:14,DIS,189.57,315,buy,NYSE
tx_0005491,2025-06-07 10:24:17,PG,146.83,792,sell,NYSE
tx_0002105,2025-06-07 10:24:18,GOOGL,2758.18,62,buy,NASDAQ
tx_0006423,2025-06-07 10:24:19,MCD,252.02,692,buy,NYSE
tx_0006447,2025-06-07 10:24:25,MSFT,302.41,269,buy,NASDAQ
tx_0006369,2025-06-07 10:24:25,DIS,186.48,899,buy,NYSE
tx_0005856,2025-06-07 10:24:30,PG,147.5,810,buy,NYSE
tx_0005254,2025-06-07 10:24:33,AAPL,148.5,618,sell,NASDAQ
tx_0008594,2025-06-07 10:24:40,PEP,151.66,85,buy,NYSE
tx_0005183,2025-06-07 10:24:45,MA,351.24,584,buy,NYSE
tx_0006180,2025-06-07 10:24:49,PYPL,244.12,708,sell,NASDAQ
tx_0009894,2025-06-07 10:24:53,BRK.B,287.49,56,buy,NYSE
tx_0006533,2025-06-07 10:24:54,KO,54.19,147,sell,NYSE
tx_0002196,2025-06-07 10:24:55,FB,328.58,540,sell,NASDAQ
tx_0001867,2025-06-07 10:24:57,KO,54.17,92,sell,NYSE
tx_0000768,2025-06-07 10:24:57,BRK.B,287.79,833,sell,NYSE
tx_0006521,2025-06-07 10:25:03,AMZN,3547.6,702,buy,NASDAQ
tx_0002315,2025-06-07 10:25:05,AMZN,3570.13,181,buy,NASDAQ
tx_0003306,2025-06-07 10:25:05,V,227.29,639,buy,NYSE
tx_0002893,2025-06-07 10:25:05,FB,326.63,693,buy,NASDAQ
tx_0004628,2025-06-07 10:25:05,V,227.33,736,buy,NYSE
tx_0001961,2025-06-07 10:25:07,BRK.B,288.05,744,sell,NYSE
tx_0003414,2025-06-07 10:25:09,PG,147.52,261,buy,NYSE
tx_0002850,2025-06-07 10:25:15,MA,346.68,676,buy,NYSE
tx_0002845,2025-06-07 10:25:22,ADBE,579.93,432,sell,NASDAQ
tx_0000175,2025-06-07 10:25:25,BRK.B,289.7,479,buy,NYSE
tx_0002412,2025-06-07 10:25:25,NVDA,199.22,232,buy,NASDAQ
tx_0005886,2025-06-07 10:25:30,DIS,187.91,903,sell,NYSE
tx_0003706,2025-06-07 10:25:32,AMZN,3533.75,683,buy,NASDAQ
tx_0005260,2025-06-07 10:25:35,NFLX,484.07,342,buy,NASDAQ
tx_0004695,2025-06-07 10:25:36,MSFT,305.66,241,buy,NASDAQ
tx_0002656,2025-06-07 10:25:38,NVDA,198.77,82,sell,NASDAQ
tx_0003203,2025-06-07 10:25:38,PYPL,243.74,820,sell,NASDAQ
tx_0001544,2025-06-07 10:25:42,WMT,137.13,774,buy,NYSE
tx_0001494,2025-06-07 10:25:48,AAPL,149.35,820,buy,NASDAQ
tx_0005965,2025-06-07 10:25:58,TSLA,706.6,660,buy,NASDAQ
tx_0005009,2025-06-07 10:25:58,FB,325.5,56,buy,NASDAQ
tx_0000969,2025-06-07 10:26:03,KO,54.81,413,sell,NYSE
tx_0009350,2025-06-07 10:26:06,AAPL,148.67,468,sell,NASDAQ
tx_0003408,2025-06-07 10:26:08,KO,54.56,819,buy,NYSE
tx_0003445,2025-06-07 10:26:12,ADBE,583.54,996,buy,NASDAQ
tx_0003876,2025-06-07 10:26:13,PEP,150.96,117,sell,NYSE
tx_0007101,2025-06-07 10:26:16,FB,324.79,464,buy,NASDAQ
tx_0001829,2025-06-07 10:26:17,PYPL,245.11,181,buy,NASDAQ
tx_0008558,2025-06-07 10:26:17,KO,54.82,433,buy,NYSE
tx_0008831,2025-06-07 10:26:18,TSLA,716.2,221,sell,NASDAQ
tx_0003010,2025-06-07 10:26:19,ADBE,578.88,820,sell,NASDAQ
tx_0006219,2025-06-07 10:26:21,MCD,256.28,615,sell,NYSE
tx_0001751,2025-06-07 10:26:24,NVDA,202.35,842,buy,NASDAQ
tx_0008256,2025-06-07 10:26:24,MSFT,303.46,597,buy,NASDAQ
tx_0008769,2025-06-07 10:26:28,AMZN,3548.21,687,sell,NASDAQ
tx_0006060,2025-06-07 10:26:30,PG,146.09,831,sell,NYSE
tx_0002267,2025-06-07 10:26:41,PG,147.26,271,sell,NYSE
tx_0005661,2025-06-07 10:26:42,PG,146.86,882,sell,NYSE
tx_0002248,2025-06-07 10:26:44,MCD,252.79,990,buy,NYSE
tx_0007474,2025-06-07 10:26:46,JNJ,171.71,999,buy,NYSE
tx_0004035,2025-06-07 10:26:47,NFLX,487.64,355,sell,NASDAQ
tx_0007975,2025-06-07 10:26:58,JNJ,174.23,940,buy,NYSE
tx_0006572,2025-06-07 10:26:59,MSFT,304.02,634,sell,NASDAQ
tx_0003220,2025-06-07 10:26:59,V,227.3,476,sell,NYSE
tx_0008366,2025-06-07 10:27:08,MCD,254.67,194,buy,NYSE
tx_0007405,2025-06-07 10:27:11,V,228.9,116,buy,NYSE
tx_0002124,2025-06-07 10:27:12,PG,147.13,612,sell,NYSE
tx_0000409,2025-06-07 10:27:13,DIS,185.57,86,sell,NYSE
tx_0008816,2025-06-07 10:27:17,PYPL,245.03,206,sell,NASDAQ
tx_0007891,2025-06-07 10:27:17,V,227.9,222,sell,NYSE
tx_0009651,2025-06-07 10:27:20,KO,53.93,731,sell,NYSE
tx_0003418,2025-06-07 10:27:25,PYPL,243.41,466,sell,NASDAQ
tx_0005950,2025-06-07 10:27:25,V,229.09,471,sell,NYSE
tx_0001048,2025-06-07 10:27:26,WMT,136.57,191,sell,NYSE
tx_0009719,2025-06-07 10:27:26,MSFT,303.92,812,buy,NASDAQ
tx_0000191,2025-06-07 10:27:27,MA,348.39,321,sell,NYSE
tx_0002887,2025-06-07 10:27:27,TSLA,712.65,80,sell,NASDAQ
tx_0001545,2025-06-07 10:27:28,KO,54.94,141,sell,NYSE
tx_0002435,2025-06-07 10:27:31,PYPL,246.36,438,buy,NASDAQ
tx_0002254,2025-06-07 10:27:36,ADBE,584.55,178,buy,NASDAQ
tx_0003691,2025-06-07 10:27:43,MSFT,304.53,537,buy,NASDAQ
tx_0009149,2025-06-07 10:27:46,MA,350.97,369,buy,NYSE
tx_0007042,2025-06-07 10:27:46,WMT,136.58,114,sell,NYSE
tx_0009122,2025-06-07 10:27:50,NVDA,202.34,370,sell,NASDAQ
tx_0000436,2025-06-07 10:27:52,JNJ,171.34,173,sell,NYSE
tx_0007854,2025-06-07 10:27:54,KO,53.7,851,buy,NYSE
tx_0005563,2025-06-07 10:27:54,V,225.31,836,buy,NYSE
tx_0006655,2025-06-07 10:27:56,MA,349.66,330,sell,NYSE
tx_0007290,2025-06-07 10:27:57,FB,327.37,824,buy,NASDAQ
tx_0000877,2025-06-07 10:27:57,MSFT,307.08,95,buy,NASDAQ
tx_0004556,2025-06-07 10:27:57,PEP,154.03,836,sell,NYSE
tx_0000071,2025-06-07 10:28:02,DIS,188.62,366,buy,NYSE
tx_0003517,2025-06-07 10:28:03,NFLX,487.61,789,buy,NASDAQ
tx_0002325,2025-06-07 10:28:07,NFLX,480.74,477,buy,NASDAQ
tx_0005204,2025-06-07 10:28:07,KO,53.71,51,sell,NYSE
tx_0004887,2025-06-07 10:28:10,PEP,152.48,982,buy,NYSE
tx_0002539,2025-06-07 10:28:11,WMT,136.55,720,sell,NYSE
tx_0004883,2025-06-07 10:28:17,GOOGL,2809.87,195,sell,NASDAQ
tx_0007143,2025-06-07 10:28:20,PEP,152.1,670,sell,NYSE
tx_0003348,2025-06-07 10:28:21,FB,328.68,187,buy,NASDAQ
tx_0001439,2025-06-07 10:28:22,V,228.63,265,sell,NYSE
tx_0009620,2025-06-07 10:28:25,FB,326.33,957,buy,NASDAQ
tx_0007966,2025-06-07 10:28:25,JNJ,174.07,334,buy,NYSE
tx_0005154,2025-06-07 10:28:26,MSFT,305.81,120,sell,NASDAQ
tx_0001033,2025-06-07 10:28:26,ADBE,581.5,326,sell,NASDAQ
tx_0007041,2025-06-07 10:28:28,NFLX,488.91,710,sell,NASDAQ
tx_0001912,2025-06-07 10:28:30,DIS,188.2,699,buy,NYSE
tx_0005438,2025-06-07 10:28:30,DIS,188.02,796,sell,NYSE
tx_0004804,2025-06-07 10:28:31,WMT,136.43,640,sell,NYSE
tx_0006309,2025-06-07 10:28:33,FB,324.96,641,sell,NASDAQ
tx_0002401,2025-06-07 10:28:34,TSLA,707.82,626,buy,NASDAQ
tx_0008528,2025-06-07 10:28:36,V,227.09,348,buy,NYSE
tx_0001137,2025-06-07 10:28:36,PG,147.56,578,sell,NYSE
tx_0003928,2025-06-07 10:28:37,MA,347.16,628,buy,NYSE
tx_0000717,2025-06-07 10:28:37,PYPL,247.03,502,buy,NASDAQ
tx_0000616,2025-06-07 10:28:41,KO,54.48,528,sell,NYSE
tx_0004652,2025-06-07 10:28:44,V,225.06,371,sell,NYSE
tx_0004113,2025-06-07 10:28:44,DIS,189.76,943,buy,NYSE
tx_0009286,2025-06-07 10:28:46,PG,147.41,969,buy,NYSE
tx_0000336,2025-06-07 10:28:49,BRK.B,293.58,701,sell,NYSE
tx_0000468,2025-06-07 10:28:52,PYPL,244.81,405,buy,NASDAQ
tx_0008227,2025-06-07 10:28:53,TSLA,718.94,297,sell,NASDAQ
tx_0003816,2025-06-07 10:28:54,AMZN,3586.14,562,buy,NASDAQ
tx_0006387,2025-06-07 10:28:57,GOOGL,2786.43,623,buy,NASDAQ
tx_0000129,2025-06-07 10:28:58,PG,147.19,304,sell,NYSE
tx_0000134,2025-06-07 10:29:00,TSLA,709.49,418,buy,NASDAQ
tx_0006574,2025-06-07 10:29:04,FB,327.1,690,sell,NASDAQ
tx_0009550,2025-06-07 10:29:04,AMZN,3540.97,685,buy,NASDAQ
tx_0000534,2025-06-07 10:29:06,GOOGL,2756.9,721,sell,NASDAQ
tx_0009827,2025-06-07 10:29:07,GOOGL,2792.85,334,buy,NASDAQ
tx_0002551,2025-06-07 10:29:07,WMT,137.86,883,buy,NYSE
tx_0002710,2025-06-07 10:29:12,PG,146.43,131,buy,NYSE
tx_0005871,2025-06-07 10:29:18,AMZN,3561.55,588,sell,NASDAQ
tx_0009219,2025-06-07 10:29:20,PEP,154.37,370,sell,NYSE
tx_0009280,2025-06-07 10:29:20,DIS,186.74,176,sell,NYSE
tx_0008424,2025-06-07 10:29:21,DIS,189.86,771,sell,NYSE
tx_0003452,2025-06-07 10:29:25,WMT,135.69,753,buy,NYSE
tx_0000628,2025-06-07 10:29:25,JNJ,172.23,83,sell,NYSE
tx_0004109,2025-06-07 10:29:25,FB,324.53,995,sell,NASDAQ
tx_0004885,2025-06-07 10:29:25,AAPL,148.81,18,sell,NASDAQ
tx_0004793,2025-06-07 10:29:26,V,226.52,684,buy,NYSE
tx_0008174,2025-06-07 10:29:35,GOOGL,2793.58,22,sell,NASDAQ
tx_0008629,2025-06-07 10:29:37,ADBE,574.34,119,sell,NASDAQ
tx_0006859,2025-06-07 10:29:39,MCD,253.14,393,buy,NYSE
tx_0005981,2025-06-07 10:29:43,MSFT,305.65,785,buy,NASDAQ
tx_0008386,2025-06-07 10:29:44,DIS,185.98,613,buy,NYSE
tx_0001496,2025-06-07 10:29:50,FB,331.18,905,sell,NASDAQ
tx_0005291,2025-06-07 10:29:55,PYPL,244.92,162,buy,NASDAQ
tx_0008489,2025-06-07 10:29:58,AMZN,3569.48,452,buy,NASDAQ
tx_0008671,2025-06-07 10:30:01,KO,53.97,313,buy,NYSE
tx_0005813,2025-06-07 10:30:04,NVDA,200.56,516,buy,NASDAQ
tx_0005394,2025-06-07 10:30:07,BRK.B,292.74,84,sell,NYSE
tx_0003649,2025-06-07 10:30:11,DIS,187.31,662,sell,NYSE
tx_0005426,2025-06-07 10:30:11,PEP,154.23,289,buy,NYSE
tx_0009140,2025-06-07 10:30:13,ADBE,579.17,667,sell,NASDAQ
tx_0005097,2025-06-07 10:30:15,NFLX,488.65,590,sell,NASDAQ
tx_0009277,2025-06-07 10:30:18,V,229.42,371,sell,NYSE
tx_0005160,2025-06-07 10:30:18,WMT,137.48,133,sell,NYSE
tx_0004811,2025-06-07 10:30:21,MA,349.14,808,sell,NYSE
tx_0001191,2025-06-07 10:30:24,PEP,151.73,61,buy,NYSE
tx_0007008,2025-06-07 10:30:25,JNJ,170.93,750,sell,NYSE
tx_0009689,2025-06-07 10:30:28,ADBE,577.34,427,buy,NASDAQ
tx_0000086,2025-06-07 10:30:28,NFLX,485.78,982,buy,NASDAQ
tx_0005238,2025-06-07 10:30:29,MSFT,306.03,657,buy,NASDAQ
tx_0006469,2025-06-07 10:30:31,FB,328.6,174,sell,NASDAQ
tx_0001828,2025-06-07 10:30:36,WMT,136.43,799,buy,NYSE
tx_0009051,2025-06-07 10:30:37,NVDA,199.74,982,buy,NASDAQ
tx_0006212,2025-06-07 10:30:39,GOOGL,2758.61,263,buy,NASDAQ
tx_0006254,2025-06-07 10:30:41,MSFT,304.15,637,sell,NASDAQ
tx_0008590,2025-06-07 10:30:42,WMT,135.83,435,buy,NYSE
tx_0003208,2025-06-07 10:30:43,PG,147.5,313,buy,NYSE
tx_0003128,2025-06-07 10:30:45,PYPL,244.87,999,sell,NASDAQ
tx_0009128,2025-06-07 10:30:46,AMZN,3529.62,65,sell,NASDAQ
tx_0007505,2025-06-07 10:30:51,FB,326.81,367,sell,NASDAQ
tx_0000242,2025-06-07 10:30:53,MSFT,301.49,430,buy,NASDAQ
tx_0002529,2025-06-07 10:30:53,MA,348.74,643,buy,NYSE
tx_0009765,2025-06-07 10:30:58,BRK.B,289.1,191,sell,NYSE
tx_0001842,2025-06-07 10:30:58,TSLA,708.08,729,sell,NASDAQ
tx_0005271,2025-06-07 10:31:06,JNJ,174.74,351,buy,NYSE
tx_0005081,2025-06-07 10:31:06,DIS,186.19,109,buy,NYSE
tx_0002964,2025-06-07 10:31:08,DIS,187.98,529,buy,NYSE
tx_0002926,2025-06-07 10:31:09,ADBE,583.51,341,sell,NASDAQ
tx_0000754,2025-06-07 10:31:10,PYPL,247.3,387,sell,NASDAQ
tx_0001176,2025-06-07 10:31:14,TSLA,714.14,951,buy,NASDAQ
tx_0008431,2025-06-07 10:31:19,AAPL,148.0,919,buy,NASDAQ
tx_0008540,2025-06-07 10:31:20,GOOGL,2749.96,923,sell,NASDAQ
tx_0009708,2025-06-07 10:31:21,WMT,136.2,782,buy,NYSE
tx_0002038,2025-06-07 10:31:23,AMZN,3558.02,958,sell,NASDAQ
tx_0009868,2025-06-07 10:31:24,BRK.B,292.18,206,buy,NYSE
tx_0006828,2025-06-07 10:31:27,MA,350.9,736,sell,NYSE
tx_0009834,2025-06-07 10:31:28,GOOGL,2793.53,5,sell,NASDAQ
tx_0000828,2025-06-07 10:31:28,MA,348.71,494,buy,NYSE
tx_0006621,2025-06-07 10:31:30,ADBE,583.43,358,buy,NASDAQ
tx_0000128,2025-06-07 10:31:31,BRK.B,289.59,530,sell,NYSE
tx_0000872,2025-06-07 10:31:31,V,227.69,841,buy,NYSE
tx_0006808,2025-06-07 10:31:31,PEP,153.84,607,buy,NYSE
tx_0001731,2025-06-07 10:31:31,AMZN,3502.52,127,buy,NASDAQ
tx_0003669,2025-06-07 10:31:34,GOOGL,2765.71,222,sell,NASDAQ
tx_0002675,2025-06-07 10:31:34,ADBE,576.38,421,sell,NASDAQ
tx_0007168,2025-06-07 10:31:35,PEP,152.58,715,buy,NYSE
tx_0006249,2025-06-07 10:31:37,MCD,255.49,320,buy,NYSE
tx_0006443,2025-06-07 10:31:40,ADBE,581.67,632,sell,NASDAQ
tx_0002638,2025-06-07 10:31:40,V,229.07,823,sell,NYSE
tx_0007717,2025-06-07 10:31:41,NFLX,482.83,803,sell,NASDAQ
tx_0009653,2025-06-07 10:31:47,ADBE,578.19,486,buy,NASDAQ
tx_0006107,2025-06-07 10:31:49,FB,328.65,228,sell,NASDAQ
tx_0006121,2025-06-07 10:31:49,NVDA,198.69,792,sell,NASDAQ
tx_0006174,2025-06-07 10:31:52,WMT,137.31,978,buy,NYSE
tx_0003394,2025-06-07 10:31:53,KO,53.81,62,sell,NYSE
tx_0008660,2025-06-07 10:31:53,BRK.B,290.33,858,buy,NYSE
tx_0006790,2025-06-07 10:31:54,AAPL,148.59,215,sell,NASDAQ
tx_0009731,2025-06-07 10:31:55,BRK.B,292.25,989,sell,NYSE
tx_0001434,2025-06-07 10:31:58,JNJ,172.87,844,sell,NYSE
tx_0004309,2025-06-07 10:32:00,FB,326.05,165,sell,NASDAQ
tx_0007863,2025-06-07 10:32:02,NFLX,482.61,114,sell,NASDAQ
tx_0002061,2025-06-07 10:32:03,GOOGL,2770.58,825,buy,NASDAQ
tx_0009716,2025-06-07 10:32:08,WMT,136.86,548,sell,NYSE
tx_0003681,2025-06-07 10:32:12,TSLA,715.71,650,buy,NASDAQ
tx_0002239,2025-06-07 10:32:14,TSLA,711.26,470,sell,NASDAQ
tx_0003154,2025-06-07 10:32:16,KO,54.24,507,sell,NYSE
tx_0006125,2025-06-07 10:32:20,TSLA,709.46,184,buy,NASDAQ
tx_0009770,2025-06-07 10:32:24,PEP,152.01,509,sell,NYSE
tx_0005727,2025-06-07 10:32:25,DIS,185.85,406,buy,NYSE
tx_0007800,2025-06-07 10:32:25,DIS,188.36,118,sell,NYSE
tx_0003493,2025-06-07 10:32:26,PYPL,250.27,682,sell,NASDAQ
tx_0007213,2025-06-07 10:32:27,GOOGL,2751.68,819,buy,NASDAQ
tx_0004402,2025-06-07 10:32:29,MA,347.19,811,sell,NYSE
tx_0003892,2025-06-07 10:32:30,AAPL,150.43,627,sell,NASDAQ
tx_0000245,2025-06-07 10:32:31,V,227.63,323,sell,NYSE
tx_0003357,2025-06-07 10:32:36,FB,328.74,490,buy,NASDAQ
tx_0008277,2025-06-07 10:32:36,NVDA,200.51,359,sell,NASDAQ
tx_0006052,2025-06-07 10:32:39,TSLA,716.65,251,buy,NASDAQ
tx_0001678,2025-06-07 10:32:40,ADBE,584.48,834,buy,NASDAQ
tx_0003806,2025-06-07 10:32:40,PEP,150.55,612,buy,NYSE
tx_0009382,2025-06-07 10:32:42,FB,327.23,917,buy,NASDAQ
tx_0007312,2025-06-07 10:32:47,KO,53.31,310,buy,NYSE
tx_0005621,2025-06-07 10:32:47,JNJ,174.38,669,sell,NYSE
tx_0005022,2025-06-07 10:32:51,DIS,187.1,228,buy,NYSE
tx_0002609,2025-06-07 10:32:53,MA,352.86,714,buy,NYSE
tx_0006300,2025-06-07 10:32:58,WMT,137.85,175,sell,NYSE
tx_0008329,2025-06-07 10:33:03,JNJ,175.08,546,sell,NYSE
tx_0006127,2025-06-07 10:33:03,NFLX,479.92,662,buy,NASDAQ
tx_0005535,2025-06-07 10:33:08,ADBE,580.95,904,sell,NASDAQ
tx_0000305,2025-06-07 10:33:17,KO,53.52,329,buy,NYSE
tx_0000170,2025-06-07 10:33:17,AAPL,148.41,311,buy,NASDAQ
tx_0002741,2025-06-07 10:33:22,BRK.B,292.54,876,sell,NYSE
tx_0006523,2025-06-07 10:33:28,GOOGL,2753.31,979,buy,NASDAQ
tx_0009440,2025-06-07 10:33:29,GOOGL,2737.83,521,sell,NASDAQ
tx_0006213,2025-06-07 10:33:32,MA,349.85,290,sell,NYSE
tx_0004570,2025-06-07 10:33:33,MCD,255.0,555,buy,NYSE
tx_0008235,2025-06-07 10:33:38,KO,53.94,158,sell,NYSE
tx_0001095,2025-06-07 10:33:39,PEP,151.99,193,buy,NYSE
tx_0009391,2025-06-07 10:33:42,AAPL,150.48,788,sell,NASDAQ
tx_0002690,2025-06-07 10:33:44,JNJ,175.46,498,sell,NYSE
tx_0009042,2025-06-07 10:33:46,GOOGL,2784.46,628,sell,NASDAQ
tx_0008628,2025-06-07 10:33:46,DIS,189.11,54,buy,NYSE
tx_0009582,2025-06-07 10:33:47,KO,53.31,936,sell,NYSE
tx_0005284,2025-06-07 10:33:47,NFLX,487.21,703,sell,NASDAQ
tx_0002404,2025-06-07 10:33:57,KO,53.71,114,sell,NYSE
tx_0002577,2025-06-07 10:34:02,DIS,187.03,274,sell,NYSE
tx_0003158,2025-06-07 10:34:03,V,227.95,191,buy,NYSE
tx_0006961,2025-06-07 10:34:03,MCD,254.52,624,sell,NYSE
tx_0000358,2025-06-07 10:34:03,WMT,136.49,64,sell,NYSE
tx_0000192,2025-06-07 10:34:04,TSLA,710.21,164,sell,NASDAQ
tx_0007201,2025-06-07 10:34:07,AMZN,3567.64,143,sell,NASDAQ
tx_0003312,2025-06-07 10:34:07,PG,148.31,800,buy,NYSE
tx_0006670,2025-06-07 10:34:14,DIS,187.58,103,sell,NYSE
tx_0009942,2025-06-07 10:34:17,ADBE,584.41,126,sell,NASDAQ
tx_0005933,2025-06-07 10:34:18,BRK.B,290.35,860,sell,NYSE
tx_0005236,2025-06-07 10:34:19,JNJ,175.34,652,sell,NYSE
tx_0009259,2025-06-07 10:34:32,GOOGL,2727.5,715,sell,NASDAQ
tx_0003814,2025-06-07 10:34:35,BRK.B,291.98,346,sell,NYSE
tx_0006187,2025-06-07 10:34:40,V,227.32,344,buy,NYSE
tx_0000201,2025-06-07 10:34:48,NFLX,489.08,137,sell,NASDAQ
tx_0003524,2025-06-07 10:34:49,TSLA,715.45,844,sell,NASDAQ
tx_0002580,2025-06-07 10:34:51,MA,351.17,997,buy,NYSE
tx_0007520,2025-06-07 10:34:54,PYPL,251.13,135,sell,NASDAQ
tx_0002526,2025-06-07 10:34:58,NVDA,200.5,690,buy,NASDAQ
tx_0007767,2025-06-07 10:35:00,BRK.B,290.18,404,sell,NYSE
tx_0004318,2025-06-07 10:35:01,V,227.08,246,sell,NYSE
tx_0003594,2025-06-07 10:35:01,PYPL,249.7,840,sell,NASDAQ
tx_0008338,2025-06-07 10:35:03,NVDA,200.29,731,buy,NASDAQ
tx_0009272,2025-06-07 10:35:05,TSLA,711.63,600,buy,NASDAQ
tx_0005755,2025-06-07 10:35:15,NFLX,490.62,470,buy,NASDAQ
tx_0002599,2025-06-07 10:35:18,AMZN,3562.32,95,buy,NASDAQ
tx_0000974,2025-06-07 10:35:20,PYPL,251.49,230,sell,NASDAQ
tx_0005280,2025-06-07 10:35:21,PG,148.07,649,buy,NYSE
tx_0005300,2025-06-07 10:35:22,AMZN,3537.0,71,sell,NASDAQ
tx_0002804,2025-06-07 10:35:28,GOOGL,2771.8,187,buy,NASDAQ
tx_0004495,2025-06-07 10:35:31,NFLX,489.05,180,sell,NASDAQ
tx_0003432,2025-06-07 10:35:34,NFLX,487.38,937,buy,NASDAQ
tx_0008665,2025-06-07 10:35:36,MSFT,306.37,369,sell,NASDAQ
tx_0008647,2025-06-07 10:35:37,MCD,251.33,355,sell,NYSE
tx_0009488,2025-06-07 10:35:37,WMT,136.28,977,sell,NYSE
tx_0003425,2025-06-07 10:35:42,DIS,190.31,476,sell,NYSE
tx_0006135,2025-06-07 10:35:49,FB,325.74,18,buy,NASDAQ
tx_0000156,2025-06-07 10:35:53,V,225.52,122,sell,NYSE
tx_0007326,2025-06-07 10:35:55,MSFT,302.57,673,buy,NASDAQ
tx_0003267,2025-06-07 10:35:55,TSLA,719.29,250,buy,NASDAQ
tx_0002632,2025-06-07 10:35:56,BRK.B,288.29,65,sell,NYSE
tx_0000188,2025-06-07 10:36:00,MCD,253.01,366,buy,NYSE
tx_0009813,2025-06-07 10:36:00,FB,325.21,298,buy,NASDAQ
tx_0001300,2025-06-07 10:36:01,WMT,138.45,380,sell,NYSE
tx_0007601,2025-06-07 10:36:05,KO,53.3,263,buy,NYSE
tx_0003794,2025-06-07 10:36:07,BRK.B,292.47,987,sell,NYSE
tx_0008511,2025-06-07 10:36:08,V,228.81,895,buy,NYSE
tx_0000407,2025-06-07 10:36:09,JNJ,174.73,178,sell,NYSE
tx_0003549,2025-06-07 10:36:12,DIS,189.32,225,sell,NYSE
tx_0001469,2025-06-07 10:36:19,ADBE,576.88,691,buy,NASDAQ
tx_0005096,2025-06-07 10:36:22,MSFT,303.74,103,sell,NASDAQ
tx_0003199,2025-06-07 10:36:23,PYPL,248.32,993,buy,NASDAQ
tx_0001204,2025-06-07 10:36:24,TSLA,709.69,184,sell,NASDAQ
tx_0005104,2025-06-07 10:36:28,PYPL,250.51,452,buy,NASDAQ
tx_0008192,2025-06-07 10:36:29,ADBE,578.3,427,sell,NASDAQ
tx_0005971,2025-06-07 10:36:31,NVDA,200.82,745,buy,NASDAQ
tx_0009164,2025-06-07 10:36:35,ADBE,578.16,173,sell,NASDAQ
tx_0005292,2025-06-07 10:36:35,PYPL,250.42,117,buy,NASDAQ
tx_0009994,2025-06-07 10:36:36,TSLA,717.52,169,buy,NASDAQ
tx_0006011,2025-06-07 10:36:39,DIS,189.33,743,buy,NYSE
tx_0000702,2025-06-07 10:36:54,NFLX,485.69,146,sell,NASDAQ
tx_0000502,2025-06-07 10:36:54,MSFT,303.78,219,sell,NASDAQ
tx_0008362,2025-06-07 10:36:55,GOOGL,2732.47,414,buy,NASDAQ
tx_0008630,2025-06-07 10:36:58,TSLA,721.03,596,buy,NASDAQ
tx_0002485,2025-06-07 10:37:00,BRK.B,293.81,153,buy,NYSE
tx_0005544,2025-06-07 10:37:03,NVDA,200.96,459,sell,NASDAQ
tx_0006142,2025-06-07 10:37:06,AMZN,3551.23,895,sell,NASDAQ
tx_0003030,2025-06-07 10:37:10,V,227.3,944,buy,NYSE
tx_0007984,2025-06-07 10:37:12,NFLX,485.99,721,sell,NASDAQ
tx_0002042,2025-06-07 10:37:12,PEP,151.29,22,sell,NYSE
tx_0000901,2025-06-07 10:37:18,TSLA,709.15,801,sell,NASDAQ
tx_0000804,2025-06-07 10:37:18,AMZN,3532.93,989,buy,NASDAQ
tx_0002294,2025-06-07 10:37:20,DIS,189.6,490,buy,NYSE
tx_0001984,2025-06-07 10:37:22,GOOGL,2745.48,158,buy,NASDAQ
tx_0005823,2025-06-07 10:37:24,ADBE,577.93,433,sell,NASDAQ
tx_0005360,2025-06-07 10:37:25,MCD,253.8,538,buy,NYSE
tx_0001806,2025-06-07 10:37:25,MSFT,301.25,547,sell,NASDAQ
tx_0007917,2025-06-07 10:37:40,PEP,150.06,304,sell,NYSE
tx_0003071,2025-06-07 10:37:41,ADBE,573.02,962,sell,NASDAQ
tx_0004954,2025-06-07 10:37:52,MCD,250.51,619,sell,NYSE
tx_0008786,2025-06-07 10:37:54,PEP,152.04,745,sell,NYSE
tx_0007977,2025-06-07 10:37:56,PYPL,246.67,920,sell,NASDAQ
tx_0007439,2025-06-07 10:37:57,MCD,254.34,22,sell,NYSE
tx_0008000,2025-06-07 10:38:00,NVDA,201.83,819,buy,NASDAQ
tx_0006664,2025-06-07 10:38:03,PEP,151.35,245,buy,NYSE
tx_0009534,2025-06-07 10:38:05,FB,329.74,873,sell,NASDAQ
tx_0001435,2025-06-07 10:38:06,NVDA,203.15,49,sell,NASDAQ
tx_0000559,2025-06-07 10:38:07,WMT,137.03,382,buy,NYSE
tx_0007960,2025-06-07 10:38:11,AMZN,3552.39,964,sell,NASDAQ
tx_0000861,2025-06-07 10:38:12,GOOGL,2754.16,357,buy,NASDAQ
tx_0005897,2025-06-07 10:38:13,KO,52.79,609,buy,NYSE
tx_0002347,2025-06-07 10:38:15,MA,347.52,957,sell,NYSE
tx_0008180,2025-06-07 10:38:15,ADBE,577.79,895,buy,NASDAQ
tx_0003856,2025-06-07 10:38:15,V,227.66,62,sell,NYSE
tx_0002597,2025-06-07 10:38:20,V,228.31,403,sell,NYSE
tx_0002531,2025-06-07 10:38:25,NFLX,480.22,580,buy,NASDAQ
tx_0000117,2025-06-07 10:38:25,MA,350.17,298,sell,NYSE
tx_0006563,2025-06-07 10:38:28,NVDA,202.52,134,buy,NASDAQ
tx_0001598,2025-06-07 10:38:28,V,228.27,75,buy,NYSE
tx_0004976,2025-06-07 10:38:29,BRK.B,290.26,289,buy,NYSE
tx_0001055,2025-06-07 10:38:31,TSLA,713.09,848,buy,NASDAQ
tx_0005208,2025-06-07 10:38:33,MSFT,306.6,436,sell,NASDAQ
tx_0009784,2025-06-07 10:38:34,MA,346.45,289,buy,NYSE
tx_0001108,2025-06-07 10:38:36,PG,148.1,498,buy,NYSE
tx_0002065,2025-06-07 10:38:43,MA,349.68,90,buy,NYSE
tx_0005505,2025-06-07 10:38:43,FB,327.2,846,buy,NASDAQ
tx_0007769,2025-06-07 10:38:44,DIS,193.18,915,buy,NYSE
tx_0002456,2025-06-07 10:38:44,MA,347.27,93,sell,NYSE
tx_0006411,2025-06-07 10:38:45,MA,350.84,373,buy,NYSE
tx_0002198,2025-06-07 10:38:47,V,227.05,397,buy,NYSE
