transaction_id,timestamp,stock_symbol,price,quantity,order_type,exchange
tx_0000447,2025-06-12 09:30:05,JNJ,170.94,771,sell,NYSE
tx_0003775,2025-06-12 09:30:07,PG,139.0,100,buy,NYSE
tx_0006401,2025-06-12 09:30:11,PG,138.86,884,sell,NYSE
tx_0008985,2025-06-12 09:30:11,PG,139.56,418,sell,NYSE
tx_0007261,2025-06-12 09:30:13,FB,328.21,960,buy,NASDAQ
tx_0002111,2025-06-12 09:30:24,MCD,247.86,996,sell,NYSE
tx_0004137,2025-06-12 09:30:24,V,220.01,827,buy,NYSE
tx_0005413,2025-06-12 09:30:28,ADBE,600.56,416,sell,NASDAQ
tx_0005328,2025-06-12 09:30:29,V,220.61,390,sell,NYSE
tx_0007414,2025-06-12 09:30:29,MCD,249.75,177,sell,NYSE
tx_0003085,2025-06-12 09:30:30,JNJ,169.06,939,sell,NYSE
tx_0008304,2025-06-12 09:30:30,MA,351.41,149,sell,NYSE
tx_0003173,2025-06-12 09:30:32,BRK.B,279.96,273,sell,NYSE
tx_0005438,2025-06-12 09:30:37,NVDA,200.87,713,buy,NASDAQ
tx_0009766,2025-06-12 09:30:40,GOOGL,2793.75,881,sell,NASDAQ
tx_0000754,2025-06-12 09:30:41,ADBE,594.13,405,buy,NASDAQ
tx_0005001,2025-06-12 09:30:43,AMZN,3486.11,446,buy,NASDAQ
tx_0002835,2025-06-12 09:30:43,MCD,248.81,498,sell,NYSE
tx_0005392,2025-06-12 09:30:47,PYPL,248.64,869,buy,NASDAQ
tx_0005981,2025-06-12 09:30:47,V,220.18,575,buy,NYSE
tx_0006801,2025-06-12 09:30:49,AMZN,3484.63,255,sell,NASDAQ
tx_0003499,2025-06-12 09:30:59,NVDA,199.88,670,buy,NASDAQ
tx_0000907,2025-06-12 09:31:03,KO,54.81,612,buy,NYSE
tx_0008665,2025-06-12 09:31:06,FB,327.31,537,buy,NASDAQ
tx_0003044,2025-06-12 09:31:08,FB,331.05,809,buy,NASDAQ
tx_0002364,2025-06-12 09:31:10,MCD,250.19,113,buy,NYSE
tx_0000143,2025-06-12 09:31:10,FB,330.45,991,sell,NASDAQ
tx_0004755,2025-06-12 09:31:10,DIS,179.58,160,sell,NYSE
tx_0003318,2025-06-12 09:31:11,WMT,141.1,150,sell,NYSE
tx_0007142,2025-06-12 09:31:11,DIS,181.02,392,buy,NYSE
tx_0000463,2025-06-12 09:31:14,AAPL,150.74,146,buy,NASDAQ
tx_0004730,2025-06-12 09:31:15,V,222.66,549,sell,NYSE
tx_0009492,2025-06-12 09:31:21,V,222.94,738,sell,NYSE
tx_0003221,2025-06-12 09:31:22,PEP,150.95,459,sell,NYSE
tx_0000573,2025-06-12 09:31:23,DIS,178.79,976,buy,NYSE
tx_0006929,2025-06-12 09:31:24,WMT,141.15,670,buy,NYSE
tx_0002372,2025-06-12 09:31:25,ADBE,597.21,942,buy,NASDAQ
tx_0008702,2025-06-12 09:31:25,FB,332.53,693,buy,NASDAQ
tx_0002962,2025-06-12 09:31:25,AAPL,150.63,513,buy,NASDAQ
tx_0003754,2025-06-12 09:31:26,AMZN,3498.86,593,buy,NASDAQ
tx_0002220,2025-06-12 09:31:28,WMT,140.31,817,sell,NYSE
tx_0000726,2025-06-12 09:31:31,AMZN,3493.88,994,sell,NASDAQ
tx_0008423,2025-06-12 09:31:31,NVDA,198.98,991,buy,NASDAQ
tx_0003516,2025-06-12 09:31:39,MCD,252.77,116,buy,NYSE
tx_0009061,2025-06-12 09:31:40,FB,332.69,506,buy,NASDAQ
tx_0006977,2025-06-12 09:31:43,AAPL,151.64,367,sell,NASDAQ
tx_0005304,2025-06-12 09:31:44,V,219.31,150,buy,NYSE
tx_0005708,2025-06-12 09:31:46,NFLX,492.58,119,buy,NASDAQ
tx_0002138,2025-06-12 09:31:47,AAPL,148.78,120,buy,NASDAQ
tx_0000304,2025-06-12 09:31:48,NVDA,201.21,895,buy,NASDAQ
tx_0007039,2025-06-12 09:31:50,MCD,253.39,535,buy,NYSE
tx_0006560,2025-06-12 09:31:51,TSLA,691.83,107,buy,NASDAQ
tx_0003213,2025-06-12 09:31:52,MSFT,300.99,216,sell,NASDAQ
tx_0002437,2025-06-12 09:31:55,ADBE,592.12,957,sell,NASDAQ
tx_0005021,2025-06-12 09:31:55,PYPL,251.31,229,sell,NASDAQ
tx_0001963,2025-06-12 09:31:56,KO,54.52,328,sell,NYSE
tx_0005080,2025-06-12 09:31:57,KO,55.07,181,sell,NYSE
tx_0000751,2025-06-12 09:31:58,NVDA,199.23,107,sell,NASDAQ
tx_0009834,2025-06-12 09:32:02,MA,349.49,396,sell,NYSE
tx_0006660,2025-06-12 09:32:05,MCD,250.91,787,buy,NYSE
tx_0005510,2025-06-12 09:32:05,PG,140.44,848,buy,NYSE
tx_0002232,2025-06-12 09:32:05,GOOGL,2833.1,948,buy,NASDAQ
tx_0008385,2025-06-12 09:32:07,NFLX,497.06,328,sell,NASDAQ
tx_0008738,2025-06-12 09:32:08,TSLA,694.83,127,buy,NASDAQ
tx_0005731,2025-06-12 09:32:10,TSLA,704.37,786,,NASDAQ
tx_0006228,2025-06-12 09:32:15,NFLX,493.63,240,buy,NASDAQ
tx_0009213,2025-06-12 09:32:15,MA,349.85,549,sell,NYSE
tx_0004011,2025-06-12 09:32:17,MA,347.62,836,buy,NYSE
tx_0000743,2025-06-12 09:32:21,MSFT,302.99,325,sell,NASDAQ
tx_0006886,2025-06-12 09:32:30,PEP,147.95,517,sell,NYSE
tx_0004979,2025-06-12 09:32:32,AMZN,3469.45,744,buy,NASDAQ
tx_0007754,2025-06-12 09:32:37,PYPL,246.16,277,sell,NASDAQ
tx_0005437,2025-06-12 09:32:42,AAPL,149.87,389,buy,NASDAQ
tx_0007392,2025-06-12 09:32:44,MA,349.81,775,buy,NYSE
tx_0001513,2025-06-12 09:32:45,PYPL,246.29,968,sell,NASDAQ
tx_0006870,2025-06-12 09:32:45,KO,54.98,472,sell,NYSE
tx_0001205,2025-06-12 09:32:45,DIS,179.67,427,sell,NYSE
tx_0003031,2025-06-12 09:32:47,PEP,148.12,764,sell,NYSE
tx_0009983,2025-06-12 09:32:47,GOOGL,2827.37,855,sell,NASDAQ
tx_0002183,2025-06-12 09:32:49,MSFT,300.66,883,sell,NASDAQ
tx_0007563,2025-06-12 09:32:49,AAPL,151.27,299,sell,NASDAQ
tx_0008085,2025-06-12 09:32:50,TSLA,690.67,818,buy,NASDAQ
tx_0000064,2025-06-12 09:32:50,TSLA,697.18,514,sell,NASDAQ
tx_0006556,2025-06-12 09:32:51,MA,349.53,432,sell,NYSE
tx_0003541,2025-06-12 09:32:53,ADBE,594.11,100,sell,NASDAQ
tx_0008248,2025-06-12 09:32:55,V,217.41,996,buy,NYSE
tx_0007478,2025-06-12 09:33:02,MSFT,300.77,954,buy,
tx_0000004,2025-06-12 09:33:05,V,218.98,392,buy,NYSE
tx_0002163,2025-06-12 09:33:07,NVDA,201.07,380,sell,NASDAQ
tx_0001716,2025-06-12 09:33:11,MSFT,298.71,206,sell,NASDAQ
tx_0008343,2025-06-12 09:33:16,JNJ,170.24,954,buy,NYSE
tx_0007121,2025-06-12 09:33:17,AAPL,152.03,128,sell,NASDAQ
tx_0001133,2025-06-12 09:33:18,PEP,150.27,866,sell,NYSE
tx_0002400,2025-06-12 09:33:18,GOOGL,2800.8,878,sell,NASDAQ
tx_0003187,2025-06-12 09:33:18,V,220.7,474,sell,NYSE
tx_0008896,2025-06-12 09:33:22,WMT,140.35,135,buy,NYSE
tx_0000257,2025-06-12 09:33:27,KO,54.66,902,buy,NYSE
tx_0007032,2025-06-12 09:33:27,AAPL,150.06,506,sell,NASDAQ
tx_0008808,2025-06-12 09:33:28,MA,351.19,218,sell,NYSE
tx_0005619,2025-06-12 09:33:35,MA,346.4,529,buy,NYSE
tx_0004568,2025-06-12 09:33:42,AMZN,3526.3,689,sell,NASDAQ
tx_0005443,2025-06-12 09:33:43,PEP,149.38,124,buy,NYSE
tx_0007020,2025-06-12 09:33:44,MCD,251.78,404,buy,NYSE
tx_0003293,2025-06-12 09:33:48,V,217.29,783,sell,NYSE
tx_0001063,2025-06-12 09:33:49,PG,140.11,139,sell,NYSE
tx_0006089,2025-06-12 09:33:49,JNJ,170.75,528,sell,NYSE
tx_0009895,2025-06-12 09:33:49,WMT,140.59,966,sell,NYSE
tx_0003276,2025-06-12 09:33:52,AAPL,150.6,942,sell,NASDAQ
tx_0007175,2025-06-12 09:33:53,MSFT,300.59,169,buy,NASDAQ
tx_0000968,2025-06-12 09:33:54,GOOGL,2808.29,677,buy,NASDAQ
tx_0002616,2025-06-12 09:33:55,JNJ,169.44,668,sell,NYSE
tx_0002583,2025-06-12 09:33:56,AMZN,3498.66,608,sell,NASDAQ
tx_0003021,2025-06-12 09:33:57,MCD,254.98,131,sell,NYSE
tx_0006234,2025-06-12 09:34:03,AMZN,3471.92,713,sell,NASDAQ
tx_0004649,2025-06-12 09:34:04,BRK.B,279.0,348,sell,NYSE
tx_0005572,2025-06-12 09:34:06,DIS,180.56,203,sell,NYSE
tx_0007720,2025-06-12 09:34:07,BRK.B,281.27,119,buy,NYSE
tx_0002276,2025-06-12 09:34:11,KO,55.1,764,buy,NYSE
tx_0008719,2025-06-12 09:34:12,NVDA,198.38,778,buy,NASDAQ
tx_0008303,2025-06-12 09:34:18,AMZN,3499.17,424,sell,NASDAQ
tx_0005444,2025-06-12 09:34:20,WMT,142.33,540,buy,NYSE
tx_0009651,2025-06-12 09:34:23,PYPL,247.38,811,buy,NASDAQ
tx_0007433,2025-06-12 09:34:29,AMZN,3488.15,932,sell,NASDAQ
tx_0006207,2025-06-12 09:34:30,BRK.B,277.86,847,sell,NYSE
tx_0001049,2025-06-12 09:34:34,ADBE,596.29,592,sell,NASDAQ
tx_0002683,2025-06-12 09:34:34,PYPL,249.63,214,buy,NASDAQ
tx_0002765,2025-06-12 09:34:37,KO,55.23,319,sell,NYSE
tx_0001844,2025-06-12 09:34:39,DIS,179.49,729,buy,NYSE
tx_0006205,2025-06-12 09:34:40,WMT,140.91,851,sell,NYSE
tx_0004988,2025-06-12 09:34:40,NFLX,501.55,169,sell,NASDAQ
tx_0005789,2025-06-12 09:34:41,DIS,179.46,581,sell,NYSE
tx_0005243,2025-06-12 09:34:42,WMT,139.98,638,buy,NYSE
tx_0001208,2025-06-12 09:34:43,NFLX,497.47,582,sell,NASDAQ
tx_0006527,2025-06-12 09:34:45,PYPL,249.26,225,buy,NASDAQ
tx_0000406,2025-06-12 09:34:46,AMZN,3512.03,159,sell,NASDAQ
tx_0000393,2025-06-12 09:34:50,AAPL,150.36,777,sell,NASDAQ
tx_0004684,2025-06-12 09:34:51,FB,331.15,447,sell,NASDAQ
tx_0004451,2025-06-12 09:34:56,TSLA,691.79,768,sell,NASDAQ
tx_0009840,2025-06-12 09:34:57,ADBE,595.69,469,buy,NASDAQ
tx_0008100,2025-06-12 09:35:08,MSFT,299.9,431,buy,NASDAQ
tx_0002321,2025-06-12 09:35:09,V,218.17,453,sell,NYSE
tx_0000361,2025-06-12 09:35:12,PYPL,246.6,650,sell,NASDAQ
tx_0008340,2025-06-12 09:35:14,FB,331.11,549,buy,NASDAQ
tx_0004351,2025-06-12 09:35:15,WMT,140.22,958,sell,NYSE
tx_0001567,2025-06-12 09:35:20,ADBE,596.87,592,sell,NASDAQ
tx_0008250,2025-06-12 09:35:21,PG,139.92,920,sell,NYSE
tx_0007607,2025-06-12 09:35:25,KO,54.74,736,buy,NYSE
tx_0003057,2025-06-12 09:35:28,AAPL,151.44,852,sell,NASDAQ
tx_0006596,2025-06-12 09:35:34,DIS,180.84,585,buy,NYSE
tx_0005133,2025-06-12 09:35:34,AAPL,149.82,538,buy,NASDAQ
tx_0002000,2025-06-12 09:35:41,TSLA,693.06,221,buy,NASDAQ
tx_0005772,2025-06-12 09:35:43,DIS,183.36,568,buy,NYSE
tx_0006598,2025-06-12 09:35:43,MA,348.15,122,buy,NYSE
tx_0002789,2025-06-12 09:35:43,TSLA,699.26,698,buy,NASDAQ
tx_0006693,2025-06-12 09:35:47,ADBE,601.03,261,sell,NASDAQ
tx_0000665,2025-06-12 09:35:49,ADBE,592.24,820,buy,NASDAQ
tx_0002475,2025-06-12 09:35:52,PEP,146.87,271,buy,NYSE
tx_0002241,2025-06-12 09:35:52,PG,140.67,801,buy,NYSE
tx_0000948,2025-06-12 09:35:54,MCD,252.83,666,sell,NYSE
tx_0003365,2025-06-12 09:35:57,AAPL,150.67,283,sell,NASDAQ
tx_0007852,2025-06-12 09:35:59,WMT,141.92,419,sell,NYSE
tx_0000233,2025-06-12 09:36:00,JNJ,170.97,710,sell,NYSE
tx_0001514,2025-06-12 09:36:01,AMZN,3474.81,900,sell,NASDAQ
tx_0007412,2025-06-12 09:36:06,BRK.B,275.2,918,sell,NYSE
tx_0000624,2025-06-12 09:36:09,FB,331.27,472,buy,NASDAQ
tx_0001802,2025-06-12 09:36:09,FB,328.87,975,sell,NASDAQ
tx_0008132,2025-06-12 09:36:12,GOOGL,2832.62,608,sell,NASDAQ
tx_0001947,2025-06-12 09:36:14,FB,331.36,206,buy,NASDAQ
tx_0000895,2025-06-12 09:36:21,ADBE,590.88,446,buy,NASDAQ
tx_0008227,2025-06-12 09:36:22,GOOGL,2827.79,389,sell,NASDAQ
tx_0006041,2025-06-12 09:36:23,TSLA,685.83,484,buy,NASDAQ
tx_0002014,2025-06-12 09:36:24,DIS,182.96,438,sell,NYSE
tx_0000016,2025-06-12 09:36:24,WMT,141.93,505,sell,NYSE
tx_0004019,2025-06-12 09:36:29,FB,326.99,935,buy,NASDAQ
tx_0007109,2025-06-12 09:36:29,MCD,251.86,331,buy,NYSE
tx_0009181,2025-06-12 09:36:29,AMZN,3473.66,163,sell,NASDAQ
tx_0001656,2025-06-12 09:36:35,NFLX,494.66,317,buy,NASDAQ
tx_0003404,2025-06-12 09:36:41,TSLA,699.47,379,buy,NASDAQ
tx_0005489,2025-06-12 09:36:44,GOOGL,2857.88,820,buy,
tx_0009538,2025-06-12 09:36:45,DIS,181.42,775,sell,NYSE
tx_0001545,2025-06-12 09:36:48,JNJ,171.3,442,sell,NYSE
tx_0003001,2025-06-12 09:36:49,BRK.B,275.97,244,buy,NYSE
tx_0005795,2025-06-12 09:36:51,ADBE,592.31,155,buy,NASDAQ
tx_0001736,2025-06-12 09:36:51,NVDA,199.27,811,buy,NASDAQ
tx_0003826,2025-06-12 09:36:52,AMZN,3498.94,648,sell,NASDAQ
tx_0001853,2025-06-12 09:36:58,GOOGL,2856.71,658,sell,NASDAQ
tx_0006723,2025-06-12 09:36:59,KO,54.37,171,sell,NYSE
tx_0001867,2025-06-12 09:36:59,DIS,180.09,770,sell,
tx_0004464,2025-06-12 09:37:00,NFLX,499.75,983,buy,NASDAQ
tx_0005411,2025-06-12 09:37:02,V,217.85,458,sell,NYSE
tx_0004477,2025-06-12 09:37:03,AMZN,3447.88,998,sell,NASDAQ
tx_0008932,2025-06-12 09:37:04,V,217.59,266,buy,NYSE
tx_0007266,2025-06-12 09:37:04,NFLX,492.42,410,sell,NASDAQ
tx_0004838,2025-06-12 09:37:05,AMZN,3452.74,383,sell,NASDAQ
tx_0005188,2025-06-12 09:37:08,GOOGL,2826.48,690,sell,NASDAQ
tx_0005187,2025-06-12 09:37:09,FB,329.16,663,buy,NASDAQ
tx_0009846,2025-06-12 09:37:20,PG,140.25,297,sell,NYSE
tx_0008873,2025-06-12 09:37:21,PEP,146.76,832,sell,NYSE
tx_0009359,2025-06-12 09:37:27,BRK.B,280.52,541,buy,NYSE
tx_0000455,2025-06-12 09:37:27,KO,55.18,741,sell,NYSE
tx_0005427,2025-06-12 09:37:28,KO,54.55,104,sell,NYSE
tx_0004535,2025-06-12 09:37:28,V,218.83,841,sell,NYSE
tx_0004145,2025-06-12 09:37:29,FB,331.01,855,buy,NASDAQ
tx_0005973,2025-06-12 09:37:30,NFLX,497.21,522,sell,NASDAQ
tx_0000251,2025-06-12 09:37:31,AMZN,3484.78,750,sell,NASDAQ
tx_0009792,2025-06-12 09:37:32,TSLA,702.6,409,buy,NASDAQ
tx_0008382,2025-06-12 09:37:36,MCD,254.71,511,sell,NYSE
tx_0000372,2025-06-12 09:37:37,WMT,,164,buy,NYSE
tx_0006142,2025-06-12 09:37:38,KO,55.07,610,sell,NYSE
tx_0000697,2025-06-12 09:37:40,GOOGL,2851.29,843,buy,NASDAQ
tx_0000095,2025-06-12 09:37:40,NVDA,199.4,998,buy,NASDAQ
tx_0009802,2025-06-12 09:37:40,NFLX,497.58,753,sell,NASDAQ
tx_0003705,2025-06-12 09:37:41,DIS,182.55,646,buy,NYSE
tx_0002429,2025-06-12 09:37:46,FB,328.89,123,buy,NASDAQ
tx_0005588,2025-06-12 09:37:47,PG,141.67,393,sell,NYSE
tx_0005740,2025-06-12 09:37:51,MA,347.58,784,sell,NYSE
tx_0004429,2025-06-12 09:37:56,FB,331.55,257,buy,NASDAQ
tx_0006393,2025-06-12 09:37:58,DIS,181.46,334,buy,NYSE
tx_0009117,2025-06-12 09:37:59,AMZN,,431,buy,NASDAQ
tx_0006562,2025-06-12 09:37:59,GOOGL,2834.41,645,sell,NASDAQ
tx_0001663,2025-06-12 09:38:04,MA,350.93,642,buy,NYSE
tx_0005019,2025-06-12 09:38:04,GOOGL,2826.31,862,buy,NASDAQ
tx_0007552,2025-06-12 09:38:13,AMZN,3443.84,568,sell,NASDAQ
tx_0001223,2025-06-12 09:38:13,MSFT,296.45,703,sell,NASDAQ
tx_0002606,2025-06-12 09:38:14,NFLX,492.7,310,buy,NASDAQ
tx_0009816,2025-06-12 09:38:15,MA,348.33,803,buy,NYSE
tx_0001629,2025-06-12 09:38:17,AMZN,3464.29,607,sell,NASDAQ
tx_0009205,2025-06-12 09:38:17,JNJ,168.47,633,sell,NYSE
tx_0002094,2025-06-12 09:38:20,FB,331.09,179,sell,NASDAQ
tx_0002554,2025-06-12 09:38:21,PG,141.88,700,buy,NYSE
tx_0002716,2025-06-12 09:38:25,GOOGL,2810.12,609,buy,NASDAQ
tx_0005933,2025-06-12 09:38:28,NFLX,499.92,726,buy,NASDAQ
tx_0008525,2025-06-12 09:38:29,GOOGL,2852.21,267,buy,NASDAQ
tx_0003666,2025-06-12 09:38:32,NVDA,200.72,838,buy,NASDAQ
tx_0008339,2025-06-12 09:38:32,DIS,181.38,432,buy,NYSE
tx_0005399,2025-06-12 09:38:33,TSLA,699.02,297,buy,NASDAQ
tx_0000867,2025-06-12 09:38:34,FB,328.06,548,sell,NASDAQ
tx_0005406,2025-06-12 09:38:35,BRK.B,278.8,395,sell,NYSE
tx_0004115,2025-06-12 09:38:37,MSFT,299.1,962,buy,NASDAQ
tx_0000992,2025-06-12 09:38:38,MSFT,297.59,107,sell,NASDAQ
tx_0007529,2025-06-12 09:38:38,AMZN,3432.3,303,buy,NASDAQ
tx_0001091,2025-06-12 09:38:42,KO,54.78,515,sell,NYSE
tx_0004767,2025-06-12 09:38:44,PEP,149.41,924,sell,NYSE
tx_0003876,2025-06-12 09:38:46,TSLA,701.11,557,sell,NASDAQ
tx_0004741,2025-06-12 09:38:49,BRK.B,280.04,279,buy,NYSE
tx_0003830,2025-06-12 09:38:53,NVDA,199.02,285,sell,NASDAQ
tx_0008370,2025-06-12 09:38:55,PEP,149.57,670,sell,NYSE
tx_0007650,2025-06-12 09:38:58,BRK.B,275.97,779,buy,NYSE
tx_0009270,2025-06-12 09:38:59,JNJ,171.67,743,buy,NYSE
tx_0003566,2025-06-12 09:39:00,MCD,251.45,165,sell,NYSE
tx_0008319,2025-06-12 09:39:00,PEP,147.83,741,buy,NYSE
tx_0005756,2025-06-12 09:39:01,JNJ,170.65,942,sell,NYSE
tx_0001447,2025-06-12 09:39:04,AAPL,150.68,260,sell,NASDAQ
tx_0003224,2025-06-12 09:39:07,BRK.B,277.92,288,buy,NYSE
tx_0004369,2025-06-12 09:39:07,MA,349.47,852,buy,NYSE
tx_0007269,2025-06-12 09:39:07,AMZN,3450.53,458,sell,
tx_0001064,2025-06-12 09:39:09,BRK.B,276.08,752,buy,NYSE
tx_0009174,2025-06-12 09:39:10,ADBE,594.3,634,buy,NASDAQ
tx_0003227,2025-06-12 09:39:10,AMZN,3439.49,518,sell,NASDAQ
tx_0004936,2025-06-12 09:39:12,MCD,253.31,603,buy,NYSE
tx_0009247,2025-06-12 09:39:15,MSFT,299.25,299,sell,NASDAQ
tx_0004118,2025-06-12 09:39:16,JNJ,168.95,941,sell,NYSE
tx_0001648,2025-06-12 09:39:18,PG,140.2,307,sell,NYSE
tx_0009748,2025-06-12 09:39:27,GOOGL,2863.67,997,buy,NASDAQ
tx_0007320,2025-06-12 09:39:30,GOOGL,2861.98,780,buy,NASDAQ
tx_0000926,2025-06-12 09:39:32,MA,350.7,749,buy,NYSE
tx_0003185,2025-06-12 09:39:32,NFLX,497.84,446,sell,NASDAQ
tx_0006892,2025-06-12 09:39:34,AAPL,150.07,123,sell,NASDAQ
tx_0007432,2025-06-12 09:39:39,BRK.B,278.23,323,buy,NYSE
tx_0003867,2025-06-12 09:39:41,DIS,181.77,151,sell,NYSE
tx_0004251,2025-06-12 09:39:47,FB,328.49,723,sell,NASDAQ
tx_0004956,2025-06-12 09:39:48,PEP,147.35,112,buy,NYSE
tx_0008533,2025-06-12 09:39:55,AAPL,149.51,531,buy,NASDAQ
tx_0001173,2025-06-12 09:39:57,WMT,141.84,949,buy,NYSE
tx_0009122,2025-06-12 09:39:58,MSFT,296.81,361,sell,NASDAQ
tx_0002922,2025-06-12 09:39:58,WMT,142.93,444,sell,NYSE
tx_0005249,2025-06-12 09:39:59,ADBE,595.98,162,sell,
tx_0009839,2025-06-12 09:40:00,KO,54.25,885,sell,NYSE
tx_0004054,2025-06-12 09:40:01,BRK.B,282.11,336,buy,NYSE
tx_0007385,2025-06-12 09:40:02,ADBE,589.61,600,buy,NASDAQ
tx_0009024,2025-06-12 09:40:03,ADBE,592.09,725,sell,NASDAQ
tx_0005550,2025-06-12 09:40:13,JNJ,169.1,419,buy,NYSE
tx_0001665,2025-06-12 09:40:16,FB,329.24,639,buy,NASDAQ
tx_0002108,2025-06-12 09:40:17,PEP,149.39,252,sell,NYSE
tx_0004132,2025-06-12 09:40:19,V,219.32,857,sell,NYSE
tx_0001530,2025-06-12 09:40:19,DIS,181.64,482,buy,NYSE
tx_0000429,2025-06-12 09:40:23,NFLX,493.3,427,sell,NASDAQ
tx_0008179,2025-06-12 09:40:24,MA,351.28,543,sell,NYSE
tx_0001383,2025-06-12 09:40:31,KO,54.73,457,sell,NYSE
tx_0008649,2025-06-12 09:40:37,NVDA,200.1,572,buy,NASDAQ
tx_0002821,2025-06-12 09:40:40,BRK.B,278.65,753,buy,NYSE
tx_0007377,2025-06-12 09:40:41,PEP,148.84,470,buy,NYSE
tx_0002024,2025-06-12 09:40:41,MA,350.03,938,sell,NYSE
tx_0001899,2025-06-12 09:40:54,TSLA,694.16,426,sell,NASDAQ
tx_0007187,2025-06-12 09:40:54,ADBE,589.63,734,sell,NASDAQ
tx_0000623,2025-06-12 09:40:57,AMZN,3443.95,587,sell,NASDAQ
tx_0008587,2025-06-12 09:40:57,MSFT,302.99,720,sell,NASDAQ
tx_0003617,2025-06-12 09:41:01,MSFT,302.36,657,sell,NASDAQ
tx_0002091,2025-06-12 09:41:01,DIS,182.2,344,sell,NYSE
tx_0005102,2025-06-12 09:41:06,PG,141.92,758,sell,NYSE
tx_0007349,2025-06-12 09:41:06,ADBE,600.66,833,sell,NASDAQ
tx_0007153,2025-06-12 09:41:11,AAPL,150.08,219,buy,NASDAQ
tx_0003774,2025-06-12 09:41:12,PG,141.14,489,buy,NYSE
tx_0006823,2025-06-12 09:41:15,PYPL,248.15,456,sell,NASDAQ
tx_0006324,2025-06-12 09:41:15,KO,54.33,643,sell,NYSE
tx_0000011,2025-06-12 09:41:23,TSLA,692.73,188,buy,NASDAQ
tx_0006369,2025-06-12 09:41:30,PG,139.9,958,sell,NYSE
tx_0004056,2025-06-12 09:41:31,AMZN,3401.74,930,sell,NASDAQ
tx_0000365,2025-06-12 09:41:32,TSLA,695.75,801,sell,NASDAQ
tx_0009608,2025-06-12 09:41:33,MSFT,300.22,199,buy,NASDAQ
tx_0008052,2025-06-12 09:41:33,AMZN,3452.14,419,sell,NASDAQ
tx_0008293,2025-06-12 09:41:39,AMZN,3415.61,603,sell,NASDAQ
tx_0008358,2025-06-12 09:41:39,AAPL,150.32,512,sell,NASDAQ
tx_0006751,2025-06-12 09:41:41,ADBE,599.38,213,sell,NASDAQ
tx_0009581,2025-06-12 09:41:45,KO,53.62,217,sell,NYSE
tx_0007649,2025-06-12 09:41:46,MCD,251.29,594,sell,NYSE
tx_0003956,2025-06-12 09:41:48,MA,350.4,176,sell,NYSE
tx_0001793,2025-06-12 09:41:50,AMZN,3427.49,150,buy,NASDAQ
tx_0006547,2025-06-12 09:41:51,BRK.B,281.4,975,sell,NYSE
tx_0007181,2025-06-12 09:41:55,PYPL,250.49,927,buy,NASDAQ
tx_0005373,2025-06-12 09:41:56,ADBE,590.56,498,buy,NASDAQ
tx_0005064,2025-06-12 09:41:57,NVDA,198.64,909,sell,NASDAQ
tx_0000838,2025-06-12 09:41:57,MSFT,297.28,410,sell,NASDAQ
tx_0008513,2025-06-12 09:41:59,PYPL,250.17,112,buy,NASDAQ
tx_0003159,2025-06-12 09:42:04,NFLX,497.7,135,buy,NASDAQ
tx_0001018,2025-06-12 09:42:05,NVDA,198.86,420,buy,NASDAQ
tx_0008075,2025-06-12 09:42:09,ADBE,590.69,594,sell,NASDAQ
tx_0001428,2025-06-12 09:42:12,V,218.09,377,sell,NYSE
tx_0006648,2025-06-12 09:42:16,PG,140.17,841,sell,NYSE
tx_0002710,2025-06-12 09:42:16,ADBE,597.1,347,sell,NASDAQ
tx_0001323,2025-06-12 09:42:19,PG,141.65,219,buy,NYSE
tx_0000607,2025-06-12 09:42:20,TSLA,688.15,819,sell,NASDAQ
tx_0000621,2025-06-12 09:42:22,KO,53.93,450,sell,NYSE
tx_0007270,2025-06-12 09:42:23,NVDA,199.42,156,sell,NASDAQ
tx_0006372,2025-06-12 09:42:25,PG,140.85,862,sell,NYSE
tx_0000364,2025-06-12 09:42:27,AAPL,150.39,605,buy,NASDAQ
tx_0005050,2025-06-12 09:42:28,MCD,250.81,938,sell,NYSE
tx_0000865,2025-06-12 09:42:29,MA,346.02,550,sell,NYSE
tx_0006340,2025-06-12 09:42:33,KO,53.93,832,buy,NYSE
tx_0005956,2025-06-12 09:42:33,PEP,150.62,873,sell,NYSE
tx_0004552,2025-06-12 09:42:34,MCD,250.8,787,sell,NYSE
tx_0003424,2025-06-12 09:42:37,PYPL,246.86,895,buy,NASDAQ
tx_0004361,2025-06-12 09:42:38,WMT,143.18,567,sell,NYSE
tx_0009613,2025-06-12 09:42:42,BRK.B,278.88,782,buy,NYSE
tx_0001337,2025-06-12 09:42:44,MSFT,300.16,129,sell,NASDAQ
tx_0005984,2025-06-12 09:42:45,MSFT,297.61,899,sell,NASDAQ
tx_0005850,2025-06-12 09:42:46,AAPL,150.75,536,sell,NASDAQ
tx_0006437,2025-06-12 09:42:47,KO,54.35,679,buy,NYSE
tx_0002689,2025-06-12 09:42:47,PYPL,249.8,506,sell,NASDAQ
tx_0000542,2025-06-12 09:42:52,DIS,180.44,758,sell,
tx_0005978,2025-06-12 09:42:53,KO,53.93,667,sell,NYSE
tx_0008863,2025-06-12 09:42:53,KO,54.0,962,buy,NYSE
tx_0000593,2025-06-12 09:43:02,MA,349.41,844,buy,NYSE
tx_0002813,2025-06-12 09:43:03,PG,140.43,639,buy,NYSE
tx_0000530,2025-06-12 09:43:03,GOOGL,2816.34,522,buy,NASDAQ
tx_0004670,2025-06-12 09:43:07,FB,325.51,260,buy,NASDAQ
tx_0005926,2025-06-12 09:43:09,TSLA,685.07,951,sell,NASDAQ
tx_0004781,2025-06-12 09:43:11,WMT,,478,sell,NYSE
tx_0000422,2025-06-12 09:43:12,NFLX,499.61,329,sell,NASDAQ
tx_0004875,2025-06-12 09:43:12,PEP,150.73,887,buy,NYSE
tx_0000421,2025-06-12 09:43:16,DIS,179.81,327,sell,NYSE
tx_0007542,2025-06-12 09:43:18,TSLA,695.78,625,buy,NASDAQ
tx_0002463,2025-06-12 09:43:24,BRK.B,280.41,354,buy,NYSE
tx_0009142,2025-06-12 09:43:24,JNJ,168.9,930,buy,NYSE
tx_0004874,2025-06-12 09:43:25,BRK.B,277.45,113,buy,NYSE
tx_0008783,2025-06-12 09:43:27,FB,326.24,436,sell,NASDAQ
tx_0001191,2025-06-12 09:43:29,MSFT,297.77,975,buy,NASDAQ
tx_0007557,2025-06-12 09:43:30,AAPL,150.97,577,sell,NASDAQ
tx_0003548,2025-06-12 09:43:32,WMT,143.85,724,buy,NYSE
tx_0004949,2025-06-12 09:43:32,AMZN,3392.89,995,sell,NASDAQ
tx_0001625,2025-06-12 09:43:33,WMT,142.33,594,buy,NYSE
tx_0006686,2025-06-12 09:43:44,V,217.65,204,sell,NYSE
tx_0007240,2025-06-12 09:43:46,GOOGL,2823.97,216,buy,NASDAQ
tx_0001911,2025-06-12 09:43:46,PYPL,249.63,505,,NASDAQ
tx_0002946,2025-06-12 09:43:55,DIS,182.96,477,sell,NYSE
tx_0007072,2025-06-12 09:43:57,NFLX,498.24,422,buy,NASDAQ
tx_0003452,2025-06-12 09:43:57,PYPL,249.87,522,,NASDAQ
tx_0001152,2025-06-12 09:43:58,FB,327.09,252,buy,NASDAQ
tx_0005766,2025-06-12 09:44:05,V,215.45,166,sell,NYSE
tx_0000284,2025-06-12 09:44:12,NFLX,491.82,955,,NASDAQ
tx_0007706,2025-06-12 09:44:12,ADBE,591.96,658,buy,NASDAQ
tx_0003895,2025-06-12 09:44:15,KO,54.6,282,sell,NYSE
tx_0003396,2025-06-12 09:44:16,BRK.B,279.56,901,sell,NYSE
tx_0004629,2025-06-12 09:44:22,V,217.57,802,buy,NYSE
tx_0004169,2025-06-12 09:44:22,MCD,252.64,179,buy,NYSE
tx_0008967,2025-06-12 09:44:23,V,216.14,340,buy,NYSE
tx_0004066,2025-06-12 09:44:26,MCD,250.53,125,sell,NYSE
tx_0000528,2025-06-12 09:44:29,KO,53.56,965,sell,NYSE
tx_0004325,2025-06-12 09:44:35,NFLX,500.67,396,buy,NASDAQ
tx_0005061,2025-06-12 09:44:40,V,217.8,462,buy,NYSE
tx_0009937,2025-06-12 09:44:42,MSFT,299.75,433,buy,NASDAQ
tx_0006074,2025-06-12 09:44:44,PG,139.0,936,buy,NYSE
tx_0004895,2025-06-12 09:44:45,TSLA,691.95,277,buy,NASDAQ
tx_0005190,2025-06-12 09:44:46,KO,54.02,348,buy,NYSE
tx_0006584,2025-06-12 09:44:49,NFLX,493.32,317,buy,NASDAQ
tx_0005914,2025-06-12 09:44:50,MCD,251.43,554,buy,NYSE
tx_0005212,2025-06-12 09:44:54,BRK.B,279.03,789,buy,NYSE
tx_0006764,2025-06-12 09:44:57,MA,347.68,749,,NYSE
tx_0004048,2025-06-12 09:44:57,PYPL,250.86,823,buy,NASDAQ
tx_0004164,2025-06-12 09:44:57,TSLA,691.02,636,sell,NASDAQ
tx_0006569,2025-06-12 09:44:58,GOOGL,2856.29,176,sell,NASDAQ
tx_0008995,2025-06-12 09:45:00,DIS,182.13,792,buy,NYSE
tx_0001226,2025-06-12 09:45:01,GOOGL,2819.42,946,sell,NASDAQ
tx_0009605,2025-06-12 09:45:01,TSLA,687.9,519,sell,NASDAQ
tx_0000467,2025-06-12 09:45:03,KO,54.09,631,buy,NYSE
tx_0009559,2025-06-12 09:45:03,AAPL,149.88,785,buy,NASDAQ
tx_0003336,2025-06-12 09:45:05,AMZN,3380.53,497,buy,NASDAQ
tx_0001837,2025-06-12 09:45:05,GOOGL,2815.7,916,sell,NASDAQ
tx_0003283,2025-06-12 09:45:06,AMZN,3391.83,203,buy,NASDAQ
tx_0000758,2025-06-12 09:45:06,AAPL,150.52,995,sell,NASDAQ
tx_0009454,2025-06-12 09:45:07,PG,140.95,415,buy,NYSE
tx_0002631,2025-06-12 09:45:09,PYPL,249.4,848,sell,NASDAQ
tx_0009712,2025-06-12 09:45:18,MA,354.03,745,sell,NYSE
tx_0008569,2025-06-12 09:45:18,FB,328.72,287,buy,NASDAQ
tx_0001601,2025-06-12 09:45:29,TSLA,687.33,285,sell,NASDAQ
tx_0001806,2025-06-12 09:45:32,NFLX,495.4,114,sell,NASDAQ
tx_0007752,2025-06-12 09:45:33,NFLX,498.92,248,sell,NASDAQ
tx_0008101,2025-06-12 09:45:36,WMT,141.77,163,sell,NYSE
tx_0000276,2025-06-12 09:45:37,NVDA,199.25,391,buy,NASDAQ
tx_0007488,2025-06-12 09:45:37,PEP,,891,sell,NYSE
tx_0003604,2025-06-12 09:45:39,BRK.B,274.66,917,sell,NYSE
tx_0008288,2025-06-12 09:45:39,PG,140.32,1000,sell,NYSE
tx_0004826,2025-06-12 09:45:41,ADBE,587.55,201,buy,NASDAQ
tx_0008998,2025-06-12 09:45:42,PG,138.88,976,buy,NYSE
tx_0008003,2025-06-12 09:45:44,MSFT,299.83,144,buy,NASDAQ
tx_0003748,2025-06-12 09:45:46,JNJ,170.55,668,sell,NYSE
tx_0007485,2025-06-12 09:45:50,BRK.B,279.65,402,buy,NYSE
tx_0005817,2025-06-12 09:45:53,TSLA,697.1,311,buy,NASDAQ
tx_0000989,2025-06-12 09:45:55,AMZN,3390.71,369,buy,NASDAQ
tx_0004736,2025-06-12 09:46:00,WMT,142.06,930,buy,NYSE
tx_0001770,2025-06-12 09:46:02,WMT,142.44,926,buy,NYSE
tx_0005265,2025-06-12 09:46:02,NVDA,199.38,246,buy,NASDAQ
tx_0000320,2025-06-12 09:46:07,DIS,180.2,489,buy,NYSE
tx_0009681,2025-06-12 09:46:07,JNJ,168.62,684,buy,NYSE
tx_0002979,2025-06-12 09:46:09,V,220.57,142,buy,NYSE
tx_0005648,2025-06-12 09:46:10,KO,53.73,896,buy,NYSE
tx_0005086,2025-06-12 09:46:11,V,217.16,418,sell,NYSE
tx_0000093,2025-06-12 09:46:15,KO,53.8,505,buy,NYSE
tx_0006282,2025-06-12 09:46:16,MCD,250.83,734,buy,NYSE
tx_0003550,2025-06-12 09:46:21,JNJ,168.36,885,sell,NYSE
tx_0003341,2025-06-12 09:46:24,MA,355.28,232,sell,NYSE
tx_0008965,2025-06-12 09:46:31,NVDA,198.85,464,sell,NASDAQ
tx_0002589,2025-06-12 09:46:32,BRK.B,279.46,917,sell,NYSE
tx_0005208,2025-06-12 09:46:32,WMT,141.96,544,buy,NYSE
tx_0002773,2025-06-12 09:46:33,ADBE,592.0,271,sell,NASDAQ
tx_0004070,2025-06-12 09:46:34,NFLX,500.6,979,sell,NASDAQ
tx_0006106,2025-06-12 09:46:48,V,220.13,145,buy,NYSE
tx_0008790,2025-06-12 09:46:48,PYPL,247.32,305,buy,NASDAQ
tx_0000568,2025-06-12 09:46:49,MCD,254.86,650,buy,NYSE
tx_0000486,2025-06-12 09:46:50,AMZN,3388.05,592,buy,NASDAQ
tx_0006935,2025-06-12 09:46:54,TSLA,684.48,743,sell,NASDAQ
tx_0006925,2025-06-12 09:46:55,NFLX,501.64,184,buy,NASDAQ
tx_0007366,2025-06-12 09:47:06,PEP,148.98,756,buy,NYSE
tx_0007636,2025-06-12 09:47:10,PEP,150.14,638,buy,NYSE
tx_0000721,2025-06-12 09:47:10,V,217.68,770,sell,NYSE
tx_0006280,2025-06-12 09:47:13,MCD,254.68,795,buy,NYSE
tx_0005059,2025-06-12 09:47:15,PG,139.96,372,buy,NYSE
tx_0006548,2025-06-12 09:47:15,NVDA,198.46,319,sell,NASDAQ
tx_0005288,2025-06-12 09:47:15,NFLX,499.13,304,buy,NASDAQ
tx_0008904,2025-06-12 09:47:16,MSFT,300.39,842,sell,NASDAQ
tx_0009989,2025-06-12 09:47:16,MCD,254.67,250,sell,NYSE
tx_0009829,2025-06-12 09:47:16,PEP,150.99,313,sell,
tx_0008528,2025-06-12 09:47:18,MA,351.23,969,sell,NYSE
tx_0006439,2025-06-12 09:47:22,AAPL,150.86,371,sell,NASDAQ
tx_0002038,2025-06-12 09:47:27,PYPL,248.66,164,,NASDAQ
tx_0008143,2025-06-12 09:47:27,TSLA,696.69,575,sell,NASDAQ
tx_0006374,2025-06-12 09:47:35,PG,139.21,676,sell,NYSE
tx_0002393,2025-06-12 09:47:36,PG,139.56,530,sell,NYSE
tx_0007633,2025-06-12 09:47:37,JNJ,171.95,518,sell,NYSE
tx_0002377,2025-06-12 09:47:39,NVDA,197.08,660,buy,NASDAQ
tx_0008836,2025-06-12 09:47:45,MA,349.42,737,sell,NYSE
tx_0002489,2025-06-12 09:47:47,NVDA,198.76,856,buy,NASDAQ
tx_0000469,2025-06-12 09:47:47,NVDA,199.87,877,sell,NASDAQ
tx_0007430,2025-06-12 09:47:48,TSLA,688.77,180,buy,NASDAQ
tx_0005628,2025-06-12 09:47:48,PEP,149.8,714,sell,NYSE
tx_0006922,2025-06-12 09:47:48,PG,141.07,271,buy,NYSE
tx_0008743,2025-06-12 09:47:59,DIS,180.84,216,sell,NYSE
tx_0007676,2025-06-12 09:48:02,MSFT,296.66,603,buy,NASDAQ
tx_0004828,2025-06-12 09:48:05,NVDA,198.14,312,sell,NASDAQ
tx_0005679,2025-06-12 09:48:08,WMT,143.24,190,sell,NYSE
tx_0008639,2025-06-12 09:48:13,GOOGL,2830.78,894,sell,NASDAQ
tx_0006199,2025-06-12 09:48:15,MCD,254.09,459,sell,
tx_0000951,2025-06-12 09:48:19,PG,141.14,976,sell,NYSE
tx_0007440,2025-06-12 09:48:22,TSLA,693.71,533,buy,NASDAQ
tx_0004665,2025-06-12 09:48:26,MCD,,782,sell,NYSE
tx_0001216,2025-06-12 09:48:26,MA,350.85,770,sell,NYSE
tx_0003310,2025-06-12 09:48:27,DIS,183.83,850,buy,NYSE
tx_0007474,2025-06-12 09:48:27,WMT,142.59,893,sell,NYSE
tx_0002421,2025-06-12 09:48:32,DIS,180.99,265,buy,NYSE
tx_0003797,2025-06-12 09:48:32,KO,53.81,624,sell,NYSE
tx_0000224,2025-06-12 09:48:37,ADBE,590.57,756,buy,NASDAQ
tx_0004963,2025-06-12 09:48:38,MSFT,295.33,755,sell,NASDAQ
tx_0007601,2025-06-12 09:48:38,DIS,181.2,651,buy,NYSE
tx_0008474,2025-06-12 09:48:42,MCD,252.1,564,buy,NYSE
tx_0007373,2025-06-12 09:48:43,PYPL,251.21,495,sell,NASDAQ
tx_0002507,2025-06-12 09:48:44,MCD,253.55,239,sell,NYSE
tx_0006088,2025-06-12 09:48:52,AMZN,3417.43,592,sell,NASDAQ
tx_0000936,2025-06-12 09:48:53,TSLA,695.3,714,sell,NASDAQ
tx_0001797,2025-06-12 09:48:53,KO,53.76,603,sell,NYSE
tx_0007812,2025-06-12 09:48:56,BRK.B,272.27,182,sell,NYSE
tx_0001813,2025-06-12 09:48:56,AAPL,149.99,595,sell,NASDAQ
tx_0002511,2025-06-12 09:48:56,MCD,256.16,267,buy,NYSE
tx_0007816,2025-06-12 09:48:58,FB,328.7,580,sell,NASDAQ
tx_0002228,2025-06-12 09:49:00,GOOGL,2794.76,178,sell,NASDAQ
tx_0001706,2025-06-12 09:49:02,JNJ,171.43,836,sell,NYSE
tx_0007422,2025-06-12 09:49:08,PG,140.15,261,buy,NYSE
tx_0006131,2025-06-12 09:49:12,AAPL,148.55,165,sell,NASDAQ
tx_0004366,2025-06-12 09:49:13,MA,350.58,458,sell,NYSE
tx_0007679,2025-06-12 09:49:13,PG,140.51,628,sell,NYSE
tx_0002938,2025-06-12 09:49:14,KO,54.24,371,sell,NYSE
tx_0005715,2025-06-12 09:49:19,PYPL,250.13,401,buy,NASDAQ
tx_0005541,2025-06-12 09:49:20,KO,54.4,351,buy,NYSE
tx_0002884,2025-06-12 09:49:21,FB,331.78,217,buy,NASDAQ
tx_0007884,2025-06-12 09:49:22,PEP,150.69,204,buy,NYSE
tx_0005791,2025-06-12 09:49:24,FB,325.58,611,sell,NASDAQ
tx_0002472,2025-06-12 09:49:25,BRK.B,276.61,837,sell,NYSE
tx_0000525,2025-06-12 09:49:27,AAPL,150.53,952,sell,NASDAQ
tx_0008182,2025-06-12 09:49:29,PEP,151.08,752,sell,NYSE
tx_0009919,2025-06-12 09:49:30,ADBE,595.15,801,buy,NASDAQ
tx_0000089,2025-06-12 09:49:36,NFLX,495.55,942,sell,NASDAQ
tx_0001484,2025-06-12 09:49:38,FB,326.46,700,buy,NASDAQ
tx_0008164,2025-06-12 09:49:41,WMT,141.82,458,sell,NYSE
tx_0003941,2025-06-12 09:49:42,MCD,256.13,745,sell,NYSE
tx_0004564,2025-06-12 09:49:42,KO,53.76,663,buy,NYSE
tx_0007988,2025-06-12 09:49:43,DIS,182.03,508,sell,NYSE
tx_0009972,2025-06-12 09:49:44,AMZN,3426.04,525,buy,NASDAQ
tx_0009073,2025-06-12 09:49:45,PEP,150.7,772,buy,NYSE
tx_0004733,2025-06-12 09:49:46,V,220.87,124,sell,NYSE
tx_0007381,2025-06-12 09:49:52,NFLX,502.02,670,buy,NASDAQ
tx_0009797,2025-06-12 09:49:52,NVDA,198.99,164,sell,NASDAQ
tx_0005755,2025-06-12 09:49:55,MSFT,295.48,819,sell,NASDAQ
tx_0008131,2025-06-12 09:49:56,AAPL,149.29,592,buy,NASDAQ
tx_0009900,2025-06-12 09:49:59,AAPL,149.48,511,sell,NASDAQ
tx_0000297,2025-06-12 09:49:59,AMZN,3408.18,718,buy,NASDAQ
tx_0004686,2025-06-12 09:50:00,V,220.73,469,sell,NYSE
tx_0007222,2025-06-12 09:50:04,TSLA,682.3,195,sell,NASDAQ
tx_0000764,2025-06-12 09:50:04,FB,330.44,349,buy,NASDAQ
tx_0000663,2025-06-12 09:50:06,AMZN,3398.28,399,buy,NASDAQ
tx_0003770,2025-06-12 09:50:06,NFLX,499.26,285,buy,NASDAQ
tx_0001229,2025-06-12 09:50:09,TSLA,693.22,994,sell,NASDAQ
tx_0007197,2025-06-12 09:50:11,V,219.02,948,buy,NYSE
tx_0005594,2025-06-12 09:50:11,NVDA,199.46,933,sell,NASDAQ
tx_0009885,2025-06-12 09:50:11,FB,327.07,557,buy,NASDAQ
tx_0004623,2025-06-12 09:50:15,WMT,,547,sell,NYSE
tx_0004149,2025-06-12 09:50:17,PEP,149.07,146,sell,NYSE
tx_0006242,2025-06-12 09:50:19,AMZN,3448.23,851,sell,NASDAQ
tx_0005348,2025-06-12 09:50:23,V,217.32,460,buy,NYSE
tx_0001577,2025-06-12 09:50:24,DIS,183.46,732,sell,NYSE
tx_0000517,2025-06-12 09:50:33,GOOGL,2793.57,709,sell,NASDAQ
tx_0001163,2025-06-12 09:50:33,AAPL,149.08,668,buy,NASDAQ
tx_0005326,2025-06-12 09:50:44,JNJ,172.79,944,buy,NYSE
tx_0003702,2025-06-12 09:50:44,MSFT,293.91,198,buy,NASDAQ
tx_0006365,2025-06-12 09:50:48,DIS,183.16,102,sell,NYSE
tx_0007849,2025-06-12 09:50:54,NFLX,505.37,647,buy,NASDAQ
tx_0002286,2025-06-12 09:50:55,WMT,141.54,492,sell,NYSE
tx_0001376,2025-06-12 09:50:58,AAPL,148.41,750,buy,NASDAQ
tx_0004023,2025-06-12 09:50:59,AAPL,148.51,995,sell,NASDAQ
tx_0005620,2025-06-12 09:51:01,PYPL,252.28,114,sell,NASDAQ
tx_0004175,2025-06-12 09:51:06,MCD,255.65,125,buy,NYSE
tx_0004193,2025-06-12 09:51:07,TSLA,690.25,776,buy,NASDAQ
tx_0004969,2025-06-12 09:51:12,V,219.17,159,sell,NYSE
tx_0004107,2025-06-12 09:51:15,V,219.65,991,buy,NYSE
tx_0001931,2025-06-12 09:51:20,PG,140.1,456,buy,NYSE
tx_0002573,2025-06-12 09:51:20,PYPL,252.85,804,sell,NASDAQ
tx_0002699,2025-06-12 09:51:21,PYPL,249.31,607,sell,NASDAQ
tx_0005996,2025-06-12 09:51:23,PEP,150.46,973,sell,NYSE
tx_0007577,2025-06-12 09:51:29,V,216.77,464,sell,NYSE
tx_0003871,2025-06-12 09:51:33,GOOGL,2813.29,233,sell,NASDAQ
tx_0004702,2025-06-12 09:51:33,WMT,141.4,670,sell,NYSE
tx_0007190,2025-06-12 09:51:34,JNJ,170.87,992,buy,NYSE
tx_0005539,2025-06-12 09:51:42,NFLX,500.75,142,buy,NASDAQ
tx_0002366,2025-06-12 09:51:44,DIS,180.98,712,sell,NYSE
tx_0006093,2025-06-12 09:51:48,TSLA,685.67,646,buy,NASDAQ
tx_0003369,2025-06-12 09:51:49,ADBE,600.29,487,sell,NASDAQ
tx_0003698,2025-06-12 09:51:54,V,217.57,536,buy,NYSE
tx_0006104,2025-06-12 09:51:56,MSFT,296.99,956,buy,NASDAQ
tx_0002039,2025-06-12 09:52:00,NFLX,502.39,818,buy,NASDAQ
tx_0002575,2025-06-12 09:52:02,GOOGL,2827.94,705,sell,NASDAQ
tx_0003155,2025-06-12 09:52:03,ADBE,603.11,401,sell,NASDAQ
tx_0009206,2025-06-12 09:52:04,MCD,253.61,108,buy,NYSE
tx_0007751,2025-06-12 09:52:05,TSLA,689.31,982,buy,NASDAQ
tx_0007942,2025-06-12 09:52:05,PYPL,248.9,666,sell,NASDAQ
tx_0009301,2025-06-12 09:52:09,AAPL,148.6,161,sell,NASDAQ
tx_0009302,2025-06-12 09:52:10,MA,349.21,239,sell,NYSE
tx_0005231,2025-06-12 09:52:10,KO,53.89,389,sell,NYSE
tx_0000703,2025-06-12 09:52:17,WMT,139.3,671,sell,NYSE
tx_0003492,2025-06-12 09:52:17,WMT,139.42,675,sell,NYSE
tx_0004120,2025-06-12 09:52:20,JNJ,170.32,346,sell,NYSE
tx_0002674,2025-06-12 09:52:22,BRK.B,268.78,871,buy,NYSE
tx_0006939,2025-06-12 09:52:26,BRK.B,270.43,788,sell,NYSE
tx_0008541,2025-06-12 09:52:26,V,217.58,996,buy,NYSE
tx_0005533,2025-06-12 09:52:34,BRK.B,273.26,491,buy,NYSE
tx_0007082,2025-06-12 09:52:34,WMT,139.58,878,sell,
tx_0007871,2025-06-12 09:52:34,AAPL,149.24,618,sell,
tx_0005298,2025-06-12 09:52:35,V,219.67,926,sell,NYSE
tx_0008612,2025-06-12 09:52:37,BRK.B,268.8,141,buy,NYSE
tx_0006832,2025-06-12 09:52:40,WMT,140.89,620,buy,NYSE
tx_0001027,2025-06-12 09:52:41,NFLX,500.48,975,buy,NASDAQ
tx_0003567,2025-06-12 09:52:43,PEP,148.8,833,buy,NYSE
tx_0007590,2025-06-12 09:52:43,AMZN,3419.34,697,sell,NASDAQ
tx_0000747,2025-06-12 09:52:44,AMZN,3406.12,787,sell,NASDAQ
tx_0006834,2025-06-12 09:52:46,ADBE,594.38,435,sell,NASDAQ
tx_0006045,2025-06-12 09:52:50,BRK.B,271.84,775,buy,NYSE
tx_0000180,2025-06-12 09:52:51,NVDA,198.94,732,buy,NASDAQ
tx_0006550,2025-06-12 09:52:53,GOOGL,2801.11,599,sell,NASDAQ
tx_0003649,2025-06-12 09:52:53,AAPL,147.49,882,buy,NASDAQ
tx_0001672,2025-06-12 09:52:58,PEP,149.25,672,sell,
tx_0008975,2025-06-12 09:52:59,MCD,,104,buy,NYSE
tx_0002283,2025-06-12 09:53:02,PYPL,248.16,911,sell,NASDAQ
tx_0004871,2025-06-12 09:53:03,V,220.93,742,sell,NYSE
tx_0003868,2025-06-12 09:53:06,PYPL,248.44,962,buy,NASDAQ
tx_0005580,2025-06-12 09:53:07,DIS,180.73,860,buy,NYSE
tx_0007703,2025-06-12 09:53:07,GOOGL,2828.23,994,sell,NASDAQ
tx_0008757,2025-06-12 09:53:17,BRK.B,271.36,996,sell,NYSE
tx_0007630,2025-06-12 09:53:18,WMT,141.4,193,buy,NYSE
tx_0006692,2025-06-12 09:53:21,V,222.38,635,sell,NYSE
tx_0001041,2025-06-12 09:53:21,PYPL,251.49,524,buy,NASDAQ
tx_0004550,2025-06-12 09:53:26,MCD,251.96,721,sell,NYSE
tx_0005785,2025-06-12 09:53:27,AMZN,3405.7,153,sell,NASDAQ
tx_0007882,2025-06-12 09:53:27,TSLA,684.7,909,sell,NASDAQ
tx_0005626,2025-06-12 09:53:28,PG,139.82,476,sell,NYSE
tx_0008563,2025-06-12 09:53:28,ADBE,601.65,160,sell,NASDAQ
tx_0005315,2025-06-12 09:53:31,MA,351.94,307,buy,NYSE
tx_0008002,2025-06-12 09:53:39,MA,352.15,302,buy,NYSE
tx_0006510,2025-06-12 09:53:46,WMT,139.87,160,sell,NYSE
tx_0005692,2025-06-12 09:53:47,NFLX,502.1,923,sell,NASDAQ
tx_0006222,2025-06-12 09:53:50,JNJ,172.14,265,sell,NYSE
tx_0002945,2025-06-12 09:53:51,JNJ,169.82,700,sell,NYSE
tx_0002420,2025-06-12 09:53:53,TSLA,682.99,202,sell,NASDAQ
tx_0002609,2025-06-12 09:53:53,TSLA,684.77,834,buy,NASDAQ
tx_0006501,2025-06-12 09:53:54,FB,326.04,108,sell,NASDAQ
tx_0006519,2025-06-12 09:53:57,AMZN,3414.52,947,buy,NASDAQ
tx_0005181,2025-06-12 09:53:59,AAPL,148.21,727,buy,NASDAQ
tx_0008014,2025-06-12 09:54:01,PYPL,248.72,974,sell,NASDAQ
tx_0004536,2025-06-12 09:54:01,TSLA,689.61,744,buy,NASDAQ
tx_0004207,2025-06-12 09:54:02,BRK.B,272.72,533,buy,NYSE
tx_0001257,2025-06-12 09:54:04,KO,54.42,149,buy,NYSE
tx_0006464,2025-06-12 09:54:04,ADBE,594.69,121,sell,NASDAQ
tx_0004408,2025-06-12 09:54:05,JNJ,169.15,949,sell,NYSE
tx_0003064,2025-06-12 09:54:06,MCD,253.77,744,sell,NYSE
tx_0006681,2025-06-12 09:54:12,AMZN,3395.72,547,sell,NASDAQ
tx_0003374,2025-06-12 09:54:22,NVDA,199.35,773,sell,NASDAQ
tx_0008837,2025-06-12 09:54:23,PEP,148.83,141,buy,NYSE
tx_0003608,2025-06-12 09:54:25,PEP,150.6,164,sell,NYSE
tx_0002340,2025-06-12 09:54:26,KO,53.72,594,sell,NYSE
tx_0008469,2025-06-12 09:54:27,DIS,184.39,236,buy,NYSE
tx_0003864,2025-06-12 09:54:31,KO,53.3,900,buy,NYSE
tx_0007350,2025-06-12 09:54:32,WMT,140.19,530,sell,NYSE
tx_0001882,2025-06-12 09:54:35,PEP,149.15,424,buy,NYSE
tx_0002628,2025-06-12 09:54:37,NVDA,200.53,677,buy,NASDAQ
tx_0001000,2025-06-12 09:54:40,MSFT,296.81,787,sell,NASDAQ
tx_0000002,2025-06-12 09:54:40,FB,324.83,440,buy,NASDAQ
tx_0001857,2025-06-12 09:54:42,V,219.86,481,sell,NYSE
tx_0003523,2025-06-12 09:54:42,MA,347.83,276,buy,NYSE
tx_0003619,2025-06-12 09:54:46,GOOGL,2784.95,781,sell,NASDAQ
tx_0004028,2025-06-12 09:54:47,FB,328.36,570,buy,NASDAQ
tx_0005387,2025-06-12 09:54:50,V,222.27,236,sell,NYSE
tx_0000390,2025-06-12 09:54:52,JNJ,171.49,831,sell,NYSE
tx_0005992,2025-06-12 09:55:00,AMZN,3365.77,519,sell,NASDAQ
tx_0002888,2025-06-12 09:55:00,V,223.13,739,sell,NYSE
tx_0006155,2025-06-12 09:55:01,V,220.34,469,sell,NYSE
tx_0006278,2025-06-12 09:55:01,MCD,256.06,728,sell,NYSE
tx_0000419,2025-06-12 09:55:03,TSLA,689.01,502,sell,NASDAQ
tx_0008709,2025-06-12 09:55:05,DIS,184.03,573,sell,NYSE
tx_0002417,2025-06-12 09:55:12,MA,349.27,679,sell,NYSE
tx_0000843,2025-06-12 09:55:13,ADBE,600.14,420,buy,NASDAQ
tx_0001698,2025-06-12 09:55:17,GOOGL,2798.99,627,buy,NASDAQ
tx_0008242,2025-06-12 09:55:23,MA,350.33,833,buy,NYSE
tx_0005264,2025-06-12 09:55:28,PG,141.92,677,buy,NYSE
tx_0008958,2025-06-12 09:55:30,WMT,140.28,253,sell,NYSE
tx_0008312,2025-06-12 09:55:31,NFLX,505.45,709,sell,NASDAQ
tx_0004834,2025-06-12 09:55:34,NFLX,509.64,300,buy,NASDAQ
tx_0002693,2025-06-12 09:55:35,AMZN,3389.31,247,sell,NASDAQ
tx_0009920,2025-06-12 09:55:40,BRK.B,267.53,115,sell,NYSE
tx_0006846,2025-06-12 09:55:42,V,220.0,474,buy,NYSE
tx_0000529,2025-06-12 09:55:45,NVDA,200.66,559,sell,NASDAQ
tx_0002627,2025-06-12 09:55:52,DIS,183.92,742,sell,NYSE
tx_0004520,2025-06-12 09:55:56,FB,322.88,385,sell,NASDAQ
tx_0005478,2025-06-12 09:55:57,AAPL,148.54,977,sell,NASDAQ
tx_0001968,2025-06-12 09:55:58,GOOGL,2786.71,489,buy,NASDAQ
tx_0005678,2025-06-12 09:55:59,PG,138.92,804,sell,NYSE
tx_0000431,2025-06-12 09:56:02,V,222.36,609,buy,NYSE
tx_0004952,2025-06-12 09:56:09,WMT,141.17,511,sell,NYSE
tx_0007101,2025-06-12 09:56:10,AAPL,147.34,857,sell,NASDAQ
tx_0004404,2025-06-12 09:56:12,TSLA,686.96,533,buy,NASDAQ
tx_0003314,2025-06-12 09:56:15,AMZN,3403.82,757,sell,NASDAQ
tx_0009468,2025-06-12 09:56:16,PYPL,247.84,225,sell,NASDAQ
tx_0007504,2025-06-12 09:56:23,BRK.B,268.14,318,buy,NYSE
tx_0004091,2025-06-12 09:56:23,JNJ,171.93,754,sell,NYSE
tx_0009455,2025-06-12 09:56:25,TSLA,685.85,799,sell,NASDAQ
tx_0001025,2025-06-12 09:56:28,TSLA,677.16,925,buy,NASDAQ
tx_0007806,2025-06-12 09:56:29,MSFT,295.45,267,buy,NASDAQ
tx_0000450,2025-06-12 09:56:30,V,222.74,927,sell,NYSE
tx_0007651,2025-06-12 09:56:31,DIS,184.9,511,sell,NYSE
tx_0009979,2025-06-12 09:56:34,GOOGL,2781.97,501,sell,NASDAQ
tx_0007729,2025-06-12 09:56:35,FB,322.53,633,sell,NASDAQ
tx_0006062,2025-06-12 09:56:38,V,221.46,760,sell,NYSE
tx_0004779,2025-06-12 09:56:38,TSLA,671.98,739,sell,NASDAQ
tx_0007024,2025-06-12 09:56:39,DIS,182.84,556,buy,NYSE
tx_0005071,2025-06-12 09:56:40,DIS,185.75,984,sell,NYSE
tx_0000920,2025-06-12 09:56:42,DIS,184.22,864,sell,NYSE
tx_0006838,2025-06-12 09:56:45,GOOGL,2814.59,877,sell,NASDAQ
tx_0001318,2025-06-12 09:56:48,AAPL,147.64,726,buy,NASDAQ
tx_0004618,2025-06-12 09:56:52,PEP,150.45,446,sell,NYSE
tx_0004438,2025-06-12 09:56:55,TSLA,678.54,587,sell,NASDAQ
tx_0009423,2025-06-12 09:56:55,NFLX,508.49,680,sell,NASDAQ
tx_0005174,2025-06-12 09:56:58,NFLX,511.32,463,buy,NASDAQ
tx_0009186,2025-06-12 09:57:01,BRK.B,267.7,512,buy,NYSE
tx_0008082,2025-06-12 09:57:03,KO,53.23,616,buy,NYSE
tx_0008147,2025-06-12 09:57:05,JNJ,173.35,529,buy,NYSE
tx_0007182,2025-06-12 09:57:05,GOOGL,2831.36,883,sell,NASDAQ
tx_0006359,2025-06-12 09:57:11,AMZN,3373.26,252,buy,NASDAQ
tx_0009673,2025-06-12 09:57:13,MSFT,296.22,338,buy,NASDAQ
tx_0008822,2025-06-12 09:57:13,KO,53.22,230,buy,NYSE
tx_0002607,2025-06-12 09:57:14,V,222.57,640,buy,NYSE
tx_0008838,2025-06-12 09:57:20,WMT,139.85,314,buy,NYSE
tx_0009851,2025-06-12 09:57:20,PG,141.09,922,sell,NYSE
tx_0005959,2025-06-12 09:57:20,WMT,139.93,564,buy,NYSE
tx_0002351,2025-06-12 09:57:24,PYPL,249.85,389,buy,NASDAQ
tx_0008674,2025-06-12 09:57:25,MSFT,292.59,840,sell,NASDAQ
tx_0001438,2025-06-12 09:57:25,GOOGL,2785.74,143,sell,NASDAQ
tx_0003915,2025-06-12 09:57:26,WMT,141.32,480,sell,NYSE
tx_0000080,2025-06-12 09:57:26,JNJ,171.96,823,sell,NYSE
tx_0000149,2025-06-12 09:57:27,WMT,140.43,411,buy,NYSE
tx_0008408,2025-06-12 09:57:34,DIS,185.96,583,buy,NYSE
tx_0005143,2025-06-12 09:57:34,V,221.53,302,sell,NYSE
tx_0000445,2025-06-12 09:57:34,DIS,184.53,461,sell,NYSE
tx_0009006,2025-06-12 09:57:38,MA,350.51,867,buy,NYSE
tx_0002889,2025-06-12 09:57:39,PEP,150.09,594,sell,NYSE
tx_0008722,2025-06-12 09:57:42,ADBE,594.71,763,,NASDAQ
tx_0003814,2025-06-12 09:57:43,PG,139.84,919,sell,NYSE
tx_0002565,2025-06-12 09:57:43,PYPL,248.97,844,sell,NASDAQ
tx_0002188,2025-06-12 09:57:48,V,220.3,173,buy,NYSE
tx_0005017,2025-06-12 09:57:49,NVDA,199.12,519,buy,NASDAQ
tx_0000053,2025-06-12 09:57:53,MSFT,296.56,304,sell,NASDAQ
tx_0009240,2025-06-12 09:57:56,NVDA,198.99,921,sell,NASDAQ
tx_0001987,2025-06-12 09:58:03,MA,347.37,900,buy,NYSE
tx_0004314,2025-06-12 09:58:05,PYPL,251.27,966,buy,NASDAQ
tx_0007938,2025-06-12 09:58:10,JNJ,173.78,523,sell,NYSE
tx_0009593,2025-06-12 09:58:11,MCD,256.91,408,buy,NYSE
tx_0007047,2025-06-12 09:58:11,V,223.67,704,buy,NYSE
tx_0001897,2025-06-12 09:58:15,V,223.21,488,sell,NYSE
tx_0009331,2025-06-12 09:58:17,DIS,185.54,153,buy,NYSE
tx_0005665,2025-06-12 09:58:21,JNJ,172.43,243,sell,NYSE
tx_0007160,2025-06-12 09:58:25,NFLX,511.08,794,buy,NASDAQ
tx_0003589,2025-06-12 09:58:32,MCD,256.14,967,buy,NYSE
tx_0009488,2025-06-12 09:58:33,MCD,257.48,150,sell,NYSE
tx_0008394,2025-06-12 09:58:40,MSFT,300.43,527,buy,NASDAQ
tx_0005277,2025-06-12 09:58:40,ADBE,598.93,885,buy,NASDAQ
tx_0000345,2025-06-12 09:58:41,MSFT,300.26,146,buy,NASDAQ
tx_0007391,2025-06-12 09:58:46,MA,345.92,440,sell,NYSE
tx_0002206,2025-06-12 09:58:47,TSLA,675.16,856,sell,NASDAQ
tx_0009700,2025-06-12 09:58:54,TSLA,683.07,317,sell,NASDAQ
tx_0002150,2025-06-12 09:58:54,BRK.B,269.08,514,buy,NYSE
tx_0005048,2025-06-12 09:58:54,NFLX,516.66,682,buy,NASDAQ
tx_0001194,2025-06-12 09:59:02,BRK.B,270.38,678,sell,NYSE
tx_0007758,2025-06-12 09:59:04,MA,346.17,824,buy,NYSE
tx_0005393,2025-06-12 09:59:04,PYPL,,631,buy,NASDAQ
tx_0001524,2025-06-12 09:59:17,KO,54.11,783,buy,NYSE
tx_0006259,2025-06-12 09:59:17,NVDA,201.79,630,buy,NASDAQ
tx_0007578,2025-06-12 09:59:18,V,222.7,822,sell,NYSE
tx_0003447,2025-06-12 09:59:19,FB,321.95,437,sell,NASDAQ
tx_0005963,2025-06-12 09:59:20,MSFT,297.67,528,buy,NASDAQ
tx_0005280,2025-06-12 09:59:25,JNJ,173.17,866,sell,NYSE
tx_0007326,2025-06-12 09:59:28,V,222.35,957,sell,NYSE
tx_0005276,2025-06-12 09:59:28,BRK.B,266.62,258,sell,NYSE
tx_0007897,2025-06-12 09:59:30,NFLX,508.25,487,sell,NASDAQ
tx_0008660,2025-06-12 09:59:31,GOOGL,2824.55,453,sell,NASDAQ
tx_0006410,2025-06-12 09:59:35,AMZN,3371.56,634,buy,NASDAQ
tx_0009743,2025-06-12 09:59:35,DIS,185.0,510,buy,NYSE
tx_0004217,2025-06-12 09:59:40,WMT,138.23,821,buy,NYSE
tx_0009352,2025-06-12 09:59:43,PG,141.18,881,sell,NYSE
tx_0004224,2025-06-12 09:59:45,PEP,148.8,492,sell,NYSE
tx_0000556,2025-06-12 09:59:46,AMZN,3403.96,500,buy,NASDAQ
tx_0009434,2025-06-12 09:59:47,DIS,184.44,484,sell,
tx_0007589,2025-06-12 09:59:48,FB,326.96,221,sell,NASDAQ
tx_0009585,2025-06-12 09:59:50,PG,139.65,126,buy,NYSE
tx_0007089,2025-06-12 09:59:53,MSFT,297.35,186,sell,NASDAQ
tx_0005975,2025-06-12 09:59:55,WMT,136.97,530,sell,NYSE
tx_0004905,2025-06-12 09:59:57,KO,53.01,892,buy,NYSE
tx_0003904,2025-06-12 10:00:00,JNJ,173.01,238,sell,NYSE
tx_0003708,2025-06-12 10:00:00,V,220.12,306,buy,NYSE
tx_0004315,2025-06-12 10:00:04,WMT,139.23,121,buy,NYSE
tx_0005932,2025-06-12 10:00:04,TSLA,678.78,710,sell,NASDAQ
tx_0006969,2025-06-12 10:00:05,GOOGL,2837.57,340,buy,NASDAQ
tx_0003004,2025-06-12 10:00:06,PYPL,248.82,272,sell,NASDAQ
tx_0000164,2025-06-12 10:00:07,PEP,147.51,390,buy,NYSE
tx_0005300,2025-06-12 10:00:14,WMT,137.49,694,buy,NYSE
tx_0000096,2025-06-12 10:00:16,AAPL,147.08,421,buy,NASDAQ
tx_0004059,2025-06-12 10:00:21,AMZN,3405.37,895,buy,NASDAQ
tx_0007627,2025-06-12 10:00:21,PEP,149.11,242,buy,NYSE
tx_0004583,2025-06-12 10:00:25,DIS,185.72,975,sell,NYSE
tx_0001243,2025-06-12 10:00:27,NVDA,200.09,326,sell,NASDAQ
tx_0003109,2025-06-12 10:00:30,MA,345.04,423,sell,NYSE
tx_0007515,2025-06-12 10:00:30,AAPL,149.34,758,sell,NASDAQ
tx_0002803,2025-06-12 10:00:33,PG,140.04,939,buy,NYSE
tx_0001521,2025-06-12 10:00:33,AAPL,147.67,858,buy,NASDAQ
tx_0006133,2025-06-12 10:00:34,JNJ,170.93,433,sell,NYSE
tx_0003292,2025-06-12 10:00:34,V,220.49,291,sell,NYSE
tx_0000041,2025-06-12 10:00:45,TSLA,678.18,682,buy,NASDAQ
tx_0003652,2025-06-12 10:00:51,NFLX,514.94,679,sell,NASDAQ
tx_0004128,2025-06-12 10:00:51,PYPL,248.33,388,sell,NASDAQ
tx_0002768,2025-06-12 10:00:53,BRK.B,270.1,702,buy,NYSE
tx_0002664,2025-06-12 10:00:57,AAPL,148.76,537,buy,NASDAQ
tx_0009408,2025-06-12 10:01:01,MA,344.28,741,sell,NYSE
tx_0002387,2025-06-12 10:01:01,DIS,187.01,514,sell,NYSE
tx_0009443,2025-06-12 10:01:04,PG,140.06,764,sell,NYSE
tx_0002537,2025-06-12 10:01:05,PG,139.45,882,sell,NYSE
tx_0005543,2025-06-12 10:01:07,AAPL,147.57,613,sell,NASDAQ
tx_0008856,2025-06-12 10:01:10,PG,,258,sell,NYSE
tx_0008360,2025-06-12 10:01:17,AMZN,3399.38,161,buy,NASDAQ
tx_0001904,2025-06-12 10:01:21,JNJ,170.31,942,buy,NYSE
tx_0002559,2025-06-12 10:01:26,ADBE,590.98,199,buy,NASDAQ
tx_0007570,2025-06-12 10:01:29,BRK.B,271.28,910,sell,NYSE
tx_0002906,2025-06-12 10:01:33,FB,,783,buy,NASDAQ
tx_0009660,2025-06-12 10:01:35,PEP,147.76,181,buy,NYSE
tx_0009612,2025-06-12 10:01:38,PYPL,248.53,152,buy,NASDAQ
tx_0001385,2025-06-12 10:01:48,JNJ,,676,buy,NYSE
tx_0009665,2025-06-12 10:01:53,WMT,137.85,820,sell,NYSE
tx_0000546,2025-06-12 10:01:55,BRK.B,271.52,340,sell,NYSE
tx_0009218,2025-06-12 10:01:58,FB,328.79,181,sell,NASDAQ
tx_0005524,2025-06-12 10:02:00,MCD,251.99,907,sell,NYSE
tx_0002369,2025-06-12 10:02:05,TSLA,676.97,431,sell,NASDAQ
tx_0003812,2025-06-12 10:02:07,PEP,149.41,581,sell,NYSE
tx_0009994,2025-06-12 10:02:13,WMT,138.78,805,sell,NYSE
tx_0004616,2025-06-12 10:02:16,PG,140.57,945,buy,NYSE
tx_0000382,2025-06-12 10:02:16,NVDA,198.57,490,sell,NASDAQ
tx_0004636,2025-06-12 10:02:16,PEP,148.55,807,sell,NYSE
tx_0008209,2025-06-12 10:02:26,GOOGL,2832.67,647,sell,NASDAQ
tx_0009767,2025-06-12 10:02:30,WMT,136.81,824,sell,NYSE
tx_0003488,2025-06-12 10:02:34,MCD,253.93,708,buy,NYSE
tx_0005691,2025-06-12 10:02:37,MCD,254.48,693,buy,NYSE
tx_0008116,2025-06-12 10:02:38,ADBE,588.27,187,buy,NASDAQ
tx_0009659,2025-06-12 10:02:38,MA,346.72,753,buy,NYSE
tx_0003892,2025-06-12 10:02:41,KO,53.94,206,sell,NYSE
tx_0002361,2025-06-12 10:02:42,MSFT,296.74,814,buy,NASDAQ
tx_0005099,2025-06-12 10:02:44,PEP,148.47,622,buy,NYSE
tx_0005310,2025-06-12 10:02:44,AAPL,147.66,408,buy,NASDAQ
tx_0007289,2025-06-12 10:02:47,PYPL,246.9,649,sell,NASDAQ
tx_0006746,2025-06-12 10:02:49,AMZN,3384.63,923,buy,NASDAQ
tx_0001950,2025-06-12 10:02:52,NFLX,509.01,854,sell,NASDAQ
tx_0009324,2025-06-12 10:02:56,WMT,137.87,353,sell,NYSE
tx_0005329,2025-06-12 10:03:01,MA,347.94,985,buy,NYSE
tx_0004624,2025-06-12 10:03:02,MCD,253.12,665,sell,NYSE
tx_0002820,2025-06-12 10:03:02,V,223.89,364,sell,NYSE
tx_0004307,2025-06-12 10:03:03,MA,348.45,776,sell,NYSE
tx_0003315,2025-06-12 10:03:06,FB,330.06,153,buy,NASDAQ
tx_0002172,2025-06-12 10:03:07,AAPL,147.26,614,buy,NASDAQ
tx_0001007,2025-06-12 10:03:08,MCD,254.04,484,sell,NYSE
tx_0009334,2025-06-12 10:03:11,WMT,138.19,235,sell,NYSE
tx_0001910,2025-06-12 10:03:12,AAPL,147.48,331,sell,NASDAQ
tx_0003145,2025-06-12 10:03:13,DIS,186.76,980,buy,NYSE
tx_0004560,2025-06-12 10:03:15,MCD,256.5,737,buy,NYSE
tx_0003690,2025-06-12 10:03:17,KO,53.16,349,buy,NYSE
tx_0004551,2025-06-12 10:03:19,PYPL,249.53,749,buy,NASDAQ
tx_0001141,2025-06-12 10:03:26,MSFT,302.03,256,buy,NASDAQ
tx_0009621,2025-06-12 10:03:27,WMT,138.89,581,buy,NYSE
tx_0002695,2025-06-12 10:03:28,MCD,257.57,215,buy,NYSE
tx_0008369,2025-06-12 10:03:30,MSFT,299.8,748,buy,NASDAQ
tx_0000354,2025-06-12 10:03:32,PYPL,248.19,506,sell,NASDAQ
tx_0006787,2025-06-12 10:03:32,DIS,185.91,551,sell,NYSE
tx_0007725,2025-06-12 10:03:33,FB,326.94,766,sell,NASDAQ
tx_0004406,2025-06-12 10:03:38,MA,345.49,602,buy,NYSE
tx_0007600,2025-06-12 10:03:38,MA,348.35,846,buy,NYSE
tx_0008065,2025-06-12 10:03:38,PEP,148.38,744,buy,NYSE
tx_0000150,2025-06-12 10:03:41,MSFT,295.79,117,buy,NASDAQ
tx_0005527,2025-06-12 10:03:43,V,221.18,228,buy,NYSE
tx_0006855,2025-06-12 10:03:47,PEP,147.35,761,buy,NYSE
tx_0001933,2025-06-12 10:03:51,NFLX,515.82,366,buy,NASDAQ
tx_0005610,2025-06-12 10:03:53,NVDA,200.9,412,buy,NASDAQ
tx_0009711,2025-06-12 10:03:53,NVDA,203.28,397,buy,NASDAQ
tx_0003526,2025-06-12 10:03:54,KO,52.97,829,sell,NYSE
tx_0000997,2025-06-12 10:03:54,DIS,186.9,792,sell,NYSE
tx_0005943,2025-06-12 10:03:58,WMT,137.63,720,sell,NYSE
tx_0008193,2025-06-12 10:04:01,MCD,255.62,847,,NYSE
tx_0005244,2025-06-12 10:04:03,PYPL,246.61,696,buy,NASDAQ
tx_0009171,2025-06-12 10:04:04,MCD,253.4,190,sell,NYSE
tx_0008841,2025-06-12 10:04:05,MA,344.66,221,sell,NYSE
tx_0003307,2025-06-12 10:04:05,AMZN,3418.99,646,sell,NASDAQ
tx_0000781,2025-06-12 10:04:09,AAPL,149.76,383,buy,NASDAQ
tx_0007418,2025-06-12 10:04:14,MA,,513,sell,NYSE
tx_0003752,2025-06-12 10:04:15,GOOGL,2819.24,201,buy,NASDAQ
tx_0009239,2025-06-12 10:04:17,MSFT,300.85,218,sell,NASDAQ
tx_0001957,2025-06-12 10:04:19,MSFT,298.26,991,buy,NASDAQ
tx_0008115,2025-06-12 10:04:20,PEP,149.34,349,buy,NYSE
tx_0004974,2025-06-12 10:04:25,V,221.28,165,buy,NYSE
tx_0001912,2025-06-12 10:04:31,V,219.82,223,sell,NYSE
tx_0006022,2025-06-12 10:04:32,BRK.B,266.14,902,sell,NYSE
tx_0009112,2025-06-12 10:04:33,NVDA,203.27,597,buy,NASDAQ
tx_0008699,2025-06-12 10:04:35,ADBE,593.27,943,sell,NASDAQ
tx_0002481,2025-06-12 10:04:35,PG,136.97,786,buy,NYSE
tx_0002245,2025-06-12 10:04:37,AAPL,149.63,571,buy,NASDAQ
tx_0008450,2025-06-12 10:04:38,NFLX,508.55,798,buy,NASDAQ
tx_0001944,2025-06-12 10:04:38,PEP,149.09,107,sell,NYSE
tx_0007076,2025-06-12 10:04:38,MA,345.74,500,sell,NYSE
tx_0003640,2025-06-12 10:04:38,JNJ,171.45,557,buy,NYSE
tx_0007503,2025-06-12 10:04:40,TSLA,685.64,914,buy,NASDAQ
tx_0009409,2025-06-12 10:04:41,GOOGL,2789.64,170,buy,NASDAQ
tx_0004223,2025-06-12 10:04:41,MA,348.0,536,buy,NYSE
tx_0000184,2025-06-12 10:04:42,KO,53.39,742,buy,NYSE
tx_0001413,2025-06-12 10:04:44,AMZN,3380.28,269,sell,NASDAQ
tx_0007031,2025-06-12 10:04:44,JNJ,172.17,592,sell,NYSE
tx_0002055,2025-06-12 10:04:46,JNJ,174.22,365,buy,NYSE
tx_0006251,2025-06-12 10:04:48,V,223.02,810,sell,NYSE
tx_0009079,2025-06-12 10:04:55,MSFT,296.7,322,sell,NASDAQ
tx_0000031,2025-06-12 10:04:58,V,220.07,763,sell,NYSE
tx_0000502,2025-06-12 10:04:58,TSLA,687.6,366,sell,NASDAQ
tx_0005093,2025-06-12 10:05:04,PG,136.66,370,buy,NYSE
tx_0003405,2025-06-12 10:05:08,KO,53.31,589,buy,NYSE
tx_0002736,2025-06-12 10:05:09,WMT,137.06,366,sell,NYSE
tx_0009990,2025-06-12 10:05:11,AAPL,147.58,432,buy,NASDAQ
tx_0002242,2025-06-12 10:05:15,NVDA,202.04,806,sell,NASDAQ
tx_0001927,2025-06-12 10:05:17,AAPL,148.89,577,buy,NASDAQ
tx_0006599,2025-06-12 10:05:17,GOOGL,2797.75,292,sell,NASDAQ
tx_0008964,2025-06-12 10:05:31,WMT,136.74,846,buy,NYSE
tx_0007476,2025-06-12 10:05:32,MCD,257.78,252,sell,NYSE
tx_0004088,2025-06-12 10:05:33,AAPL,148.98,517,sell,NASDAQ
tx_0000475,2025-06-12 10:05:34,V,219.87,375,buy,NYSE
tx_0008623,2025-06-12 10:05:40,MSFT,298.68,213,sell,NASDAQ
tx_0005857,2025-06-12 10:05:48,JNJ,173.21,233,buy,NYSE
tx_0006580,2025-06-12 10:05:48,MSFT,298.96,156,buy,NASDAQ
tx_0002786,2025-06-12 10:05:49,ADBE,600.05,761,sell,NASDAQ
tx_0000288,2025-06-12 10:05:52,V,219.47,371,sell,NYSE
tx_0009992,2025-06-12 10:05:54,TSLA,679.21,277,buy,NASDAQ
tx_0002202,2025-06-12 10:05:55,PYPL,251.27,634,sell,NASDAQ
tx_0007710,2025-06-12 10:06:00,AAPL,150.04,617,buy,NASDAQ
tx_0008055,2025-06-12 10:06:00,NVDA,201.7,391,buy,NASDAQ
tx_0005736,2025-06-12 10:06:18,AMZN,3408.76,252,sell,NASDAQ
tx_0006776,2025-06-12 10:06:19,GOOGL,2803.79,117,sell,NASDAQ
tx_0005158,2025-06-12 10:06:19,MA,343.55,411,buy,NYSE
tx_0006768,2025-06-12 10:06:21,PEP,149.42,329,buy,NYSE
tx_0003803,2025-06-12 10:06:24,GOOGL,2768.23,555,buy,NASDAQ
tx_0006467,2025-06-12 10:06:25,NVDA,201.21,222,buy,NASDAQ
tx_0006082,2025-06-12 10:06:27,KO,53.27,748,buy,NYSE
tx_0006667,2025-06-12 10:06:33,PG,135.88,864,buy,NYSE
tx_0008470,2025-06-12 10:06:39,NFLX,506.4,653,buy,NASDAQ
tx_0004869,2025-06-12 10:06:40,PG,135.92,830,sell,NYSE
tx_0009647,2025-06-12 10:06:40,WMT,137.17,874,buy,NYSE
tx_0007462,2025-06-12 10:06:41,NFLX,510.6,791,buy,NASDAQ
tx_0004292,2025-06-12 10:06:45,NVDA,200.4,221,buy,NASDAQ
tx_0009864,2025-06-12 10:06:51,PEP,147.38,421,sell,NYSE
tx_0009828,2025-06-12 10:06:52,KO,53.03,693,buy,NYSE
tx_0001630,2025-06-12 10:06:53,PYPL,249.47,918,buy,NASDAQ
tx_0007519,2025-06-12 10:06:54,AAPL,146.95,955,buy,NASDAQ
tx_0009476,2025-06-12 10:07:03,PG,137.56,760,buy,NYSE
tx_0003603,2025-06-12 10:07:09,ADBE,596.3,503,buy,NASDAQ
tx_0003973,2025-06-12 10:07:13,AAPL,149.23,126,sell,NASDAQ
tx_0003682,2025-06-12 10:07:13,GOOGL,2763.92,847,buy,NASDAQ
tx_0000491,2025-06-12 10:07:14,MA,346.94,883,buy,NYSE
tx_0008113,2025-06-12 10:07:16,PYPL,246.97,323,sell,NASDAQ
tx_0007277,2025-06-12 10:07:16,AMZN,3410.09,806,sell,NASDAQ
tx_0002830,2025-06-12 10:07:19,GOOGL,2788.29,233,sell,NASDAQ
tx_0009169,2025-06-12 10:07:22,MA,347.66,822,buy,NYSE
tx_0005718,2025-06-12 10:07:23,BRK.B,265.9,841,sell,NYSE
tx_0003936,2025-06-12 10:07:25,NVDA,203.22,714,buy,NASDAQ
tx_0005750,2025-06-12 10:07:27,MA,346.85,861,buy,NYSE
tx_0002176,2025-06-12 10:07:32,PG,136.38,431,sell,NYSE
tx_0001174,2025-06-12 10:07:34,GOOGL,2776.27,738,sell,NASDAQ
tx_0008893,2025-06-12 10:07:40,MSFT,299.17,104,sell,NASDAQ
tx_0006201,2025-06-12 10:07:43,AMZN,3418.09,999,sell,NASDAQ
tx_0000139,2025-06-12 10:07:45,FB,329.37,310,buy,NASDAQ
tx_0009643,2025-06-12 10:07:47,WMT,138.58,212,sell,NYSE
tx_0007923,2025-06-12 10:07:54,ADBE,599.67,846,buy,NASDAQ
tx_0000117,2025-06-12 10:07:57,PG,137.18,276,buy,NYSE
tx_0001595,2025-06-12 10:07:58,PYPL,246.15,967,buy,NASDAQ
tx_0006154,2025-06-12 10:07:58,JNJ,170.95,555,sell,NYSE
tx_0001615,2025-06-12 10:07:59,WMT,138.55,802,sell,NYSE
tx_0009199,2025-06-12 10:08:02,BRK.B,263.4,909,buy,NYSE
tx_0000006,2025-06-12 10:08:02,NFLX,516.58,714,buy,NASDAQ
tx_0006240,2025-06-12 10:08:05,GOOGL,2779.67,600,buy,NASDAQ
tx_0007217,2025-06-12 10:08:07,DIS,185.52,745,buy,NYSE
tx_0002907,2025-06-12 10:08:08,KO,53.7,837,buy,NYSE
tx_0001610,2025-06-12 10:08:08,PG,136.6,888,buy,NYSE
tx_0008767,2025-06-12 10:08:19,GOOGL,2781.3,686,buy,NASDAQ
tx_0001140,2025-06-12 10:08:22,KO,52.93,541,sell,NYSE
tx_0009569,2025-06-12 10:08:28,V,223.54,138,sell,NYSE
tx_0006459,2025-06-12 10:08:28,KO,53.01,166,sell,NYSE
tx_0001118,2025-06-12 10:08:32,MA,339.76,966,buy,NYSE
tx_0000075,2025-06-12 10:08:34,DIS,186.38,749,buy,NYSE
tx_0009074,2025-06-12 10:08:35,BRK.B,265.82,415,sell,NYSE
tx_0008296,2025-06-12 10:08:38,MA,342.63,388,buy,NYSE
tx_0005374,2025-06-12 10:08:40,MA,340.02,230,buy,NYSE
tx_0006032,2025-06-12 10:08:41,DIS,185.44,587,sell,NYSE
tx_0002596,2025-06-12 10:08:45,KO,53.02,175,buy,NYSE
tx_0009194,2025-06-12 10:08:47,AAPL,149.94,771,buy,NASDAQ
tx_0006350,2025-06-12 10:08:49,PG,137.68,879,sell,NYSE
tx_0007513,2025-06-12 10:08:49,PYPL,248.18,898,sell,NASDAQ
tx_0000631,2025-06-12 10:08:50,ADBE,600.58,490,sell,NASDAQ
tx_0008323,2025-06-12 10:09:00,DIS,185.25,453,sell,NYSE
tx_0009553,2025-06-12 10:09:01,WMT,139.18,160,sell,NYSE
tx_0009779,2025-06-12 10:09:05,TSLA,677.64,707,sell,NASDAQ
tx_0006233,2025-06-12 10:09:10,KO,53.06,907,sell,NYSE
tx_0001956,2025-06-12 10:09:13,ADBE,599.64,361,buy,NASDAQ
tx_0002098,2025-06-12 10:09:16,AMZN,3392.42,898,sell,NASDAQ
tx_0006506,2025-06-12 10:09:18,NFLX,512.5,716,buy,NASDAQ
tx_0001042,2025-06-12 10:09:20,NFLX,511.27,400,buy,NASDAQ
tx_0008486,2025-06-12 10:09:21,GOOGL,2766.95,296,sell,NASDAQ
tx_0000242,2025-06-12 10:09:23,GOOGL,2792.81,944,sell,NASDAQ
tx_0000350,2025-06-12 10:09:25,PYPL,249.03,755,buy,NASDAQ
tx_0008192,2025-06-12 10:09:27,V,222.69,653,sell,NYSE
tx_0006484,2025-06-12 10:09:31,FB,331.23,247,buy,NASDAQ
tx_0009367,2025-06-12 10:09:31,PEP,149.09,154,sell,NYSE
tx_0005758,2025-06-12 10:09:33,PG,137.92,924,sell,NYSE
tx_0008458,2025-06-12 10:09:37,WMT,137.78,817,buy,NYSE
tx_0006689,2025-06-12 10:09:38,AMZN,3364.61,333,sell,NASDAQ
tx_0005702,2025-06-12 10:09:46,PEP,151.0,153,buy,NYSE
tx_0001047,2025-06-12 10:09:47,GOOGL,2766.67,127,sell,NASDAQ
tx_0006815,2025-06-12 10:09:54,MCD,259.39,340,buy,NYSE
tx_0008538,2025-06-12 10:09:55,NFLX,509.46,369,sell,NASDAQ
tx_0008926,2025-06-12 10:09:56,MA,337.96,176,sell,NYSE
tx_0002266,2025-06-12 10:09:59,PYPL,247.66,525,buy,
tx_0006425,2025-06-12 10:10:02,AMZN,3398.25,637,sell,NASDAQ
tx_0006603,2025-06-12 10:10:02,AAPL,148.53,265,buy,NASDAQ
tx_0002478,2025-06-12 10:10:03,BRK.B,264.88,470,sell,NYSE
tx_0003836,2025-06-12 10:10:03,BRK.B,266.93,282,sell,NYSE
tx_0003850,2025-06-12 10:10:03,MSFT,300.55,635,buy,NASDAQ
tx_0002227,2025-06-12 10:10:04,NVDA,202.09,670,buy,NASDAQ
tx_0007145,2025-06-12 10:10:05,JNJ,171.43,390,sell,NYSE
tx_0004697,2025-06-12 10:10:07,BRK.B,267.35,853,sell,NYSE
tx_0008434,2025-06-12 10:10:12,AMZN,3396.27,440,buy,NASDAQ
tx_0001561,2025-06-12 10:10:14,AAPL,147.66,296,buy,NASDAQ
tx_0002148,2025-06-12 10:10:16,ADBE,601.58,548,sell,NASDAQ
tx_0000655,2025-06-12 10:10:20,DIS,187.26,504,sell,NYSE
tx_0006953,2025-06-12 10:10:23,DIS,186.75,242,buy,NYSE
tx_0008353,2025-06-12 10:10:27,WMT,138.15,558,buy,NYSE
tx_0004992,2025-06-12 10:10:36,ADBE,595.58,505,buy,NASDAQ
tx_0003985,2025-06-12 10:10:36,PEP,150.87,545,buy,NYSE
tx_0008416,2025-06-12 10:10:37,TSLA,676.04,418,sell,NASDAQ
tx_0008745,2025-06-12 10:10:39,DIS,185.09,262,sell,NYSE
tx_0003945,2025-06-12 10:10:46,DIS,186.28,243,sell,NYSE
tx_0009363,2025-06-12 10:10:47,FB,328.39,991,buy,NASDAQ
tx_0006544,2025-06-12 10:10:50,ADBE,593.53,270,sell,NASDAQ
tx_0002036,2025-06-12 10:10:51,MCD,256.36,903,sell,NYSE
tx_0000567,2025-06-12 10:10:53,TSLA,675.89,599,sell,NASDAQ
tx_0001485,2025-06-12 10:10:54,PG,137.58,729,buy,NYSE
tx_0003377,2025-06-12 10:10:54,NFLX,512.86,681,buy,NASDAQ
tx_0002371,2025-06-12 10:10:54,AMZN,3421.48,405,sell,NASDAQ
tx_0006192,2025-06-12 10:11:03,FB,327.36,863,buy,NASDAQ
tx_0008578,2025-06-12 10:11:05,WMT,137.56,938,buy,NYSE
tx_0000760,2025-06-12 10:11:07,MSFT,301.25,617,buy,NASDAQ
tx_0000212,2025-06-12 10:11:12,PYPL,247.93,388,buy,NASDAQ
tx_0008800,2025-06-12 10:11:13,WMT,138.26,466,sell,NYSE
tx_0007068,2025-06-12 10:11:22,JNJ,172.09,783,buy,NYSE
tx_0006636,2025-06-12 10:11:25,MSFT,304.23,618,buy,NASDAQ
tx_0003388,2025-06-12 10:11:28,KO,53.37,696,sell,NYSE
tx_0008181,2025-06-12 10:11:31,MA,340.97,146,buy,NYSE
tx_0005125,2025-06-12 10:11:32,JNJ,170.74,590,buy,NYSE
tx_0005431,2025-06-12 10:11:34,ADBE,599.78,292,buy,NASDAQ
tx_0001688,2025-06-12 10:11:35,V,218.63,501,sell,NYSE
tx_0005616,2025-06-12 10:11:35,GOOGL,2817.85,244,buy,NASDAQ
tx_0001860,2025-06-12 10:11:39,WMT,138.85,728,buy,NYSE
tx_0000414,2025-06-12 10:11:39,KO,53.27,209,sell,NYSE
tx_0001391,2025-06-12 10:11:40,GOOGL,2786.38,470,buy,NASDAQ
tx_0001800,2025-06-12 10:11:42,GOOGL,2825.2,197,sell,NASDAQ
tx_0007147,2025-06-12 10:11:45,PG,136.12,897,sell,NYSE
tx_0001365,2025-06-12 10:11:45,TSLA,686.4,108,buy,NASDAQ
tx_0000885,2025-06-12 10:11:50,PEP,150.68,576,sell,NYSE
tx_0007429,2025-06-12 10:11:51,PEP,148.9,817,sell,NYSE
tx_0004581,2025-06-12 10:11:52,KO,53.72,608,buy,NYSE
tx_0003151,2025-06-12 10:11:56,MA,344.04,988,sell,NYSE
tx_0005060,2025-06-12 10:12:02,PYPL,247.54,791,sell,NASDAQ
tx_0004139,2025-06-12 10:12:04,AMZN,3436.77,360,sell,NASDAQ
tx_0006452,2025-06-12 10:12:04,JNJ,173.14,468,sell,NYSE
tx_0006005,2025-06-12 10:12:06,TSLA,682.98,883,sell,NASDAQ
tx_0009790,2025-06-12 10:12:08,PYPL,250.52,679,buy,NASDAQ
tx_0004163,2025-06-12 10:12:12,NVDA,203.62,792,buy,NASDAQ
tx_0002215,2025-06-12 10:12:17,WMT,137.89,510,sell,NYSE
tx_0009714,2025-06-12 10:12:19,PYPL,249.77,770,sell,NASDAQ
tx_0000827,2025-06-12 10:12:20,KO,53.47,475,sell,NYSE
tx_0002929,2025-06-12 10:12:20,V,218.41,215,sell,NYSE
tx_0009511,2025-06-12 10:12:22,GOOGL,2805.34,678,buy,NASDAQ
tx_0007896,2025-06-12 10:12:25,PG,137.05,367,sell,NYSE
tx_0002092,2025-06-12 10:12:25,WMT,139.07,922,sell,NYSE
tx_0004134,2025-06-12 10:12:39,V,220.72,670,buy,NYSE
tx_0003130,2025-06-12 10:12:39,DIS,185.6,318,buy,NYSE
tx_0003255,2025-06-12 10:12:39,AMZN,3399.06,944,buy,NASDAQ
tx_0004402,2025-06-12 10:12:41,V,220.49,598,sell,NYSE
tx_0006761,2025-06-12 10:12:42,NVDA,203.59,714,buy,NASDAQ
tx_0008899,2025-06-12 10:12:43,ADBE,592.64,763,buy,NASDAQ
tx_0009857,2025-06-12 10:12:44,WMT,138.82,870,buy,NYSE
tx_0008527,2025-06-12 10:12:45,AAPL,147.81,123,buy,NASDAQ
tx_0002238,2025-06-12 10:12:46,ADBE,591.44,199,sell,NASDAQ
tx_0006179,2025-06-12 10:12:48,NVDA,202.64,686,sell,NASDAQ
tx_0004985,2025-06-12 10:12:55,WMT,139.19,991,buy,NYSE
tx_0003408,2025-06-12 10:13:01,MSFT,302.08,845,buy,NASDAQ
tx_0001122,2025-06-12 10:13:12,V,221.31,429,buy,NYSE
tx_0002495,2025-06-12 10:13:14,KO,53.31,925,sell,NYSE
tx_0008345,2025-06-12 10:13:17,NVDA,,334,buy,NASDAQ
tx_0000648,2025-06-12 10:13:19,NVDA,202.33,805,sell,NASDAQ
tx_0003317,2025-06-12 10:13:22,MCD,258.6,203,sell,NYSE
tx_0002644,2025-06-12 10:13:28,PG,136.04,180,buy,NYSE
tx_0009405,2025-06-12 10:13:33,MSFT,300.52,722,buy,NASDAQ
tx_0002444,2025-06-12 10:13:34,AAPL,148.17,790,sell,NASDAQ
tx_0008048,2025-06-12 10:13:35,ADBE,588.38,804,buy,NASDAQ
tx_0006517,2025-06-12 10:13:39,MA,339.87,634,buy,NYSE
tx_0001239,2025-06-12 10:13:40,GOOGL,2800.61,274,buy,NASDAQ
tx_0003710,2025-06-12 10:13:44,KO,53.41,257,buy,NYSE
tx_0002501,2025-06-12 10:13:44,NVDA,201.17,515,sell,NASDAQ
tx_0003885,2025-06-12 10:13:49,AMZN,3391.84,461,sell,NASDAQ
tx_0008222,2025-06-12 10:13:50,MA,338.28,971,buy,NYSE
tx_0007834,2025-06-12 10:13:54,ADBE,592.77,355,sell,NASDAQ
tx_0009600,2025-06-12 10:13:55,NFLX,511.14,207,sell,NASDAQ
tx_0004732,2025-06-12 10:13:58,ADBE,590.6,946,sell,NASDAQ
tx_0001412,2025-06-12 10:14:00,JNJ,172.03,348,buy,NYSE
tx_0009523,2025-06-12 10:14:04,AAPL,147.74,761,sell,NASDAQ
tx_0003971,2025-06-12 10:14:06,AMZN,3450.96,560,buy,NASDAQ
tx_0000801,2025-06-12 10:14:08,MA,344.72,812,sell,NYSE
tx_0008137,2025-06-12 10:14:08,PG,137.05,777,sell,NYSE
tx_0006250,2025-06-12 10:14:11,TSLA,691.12,659,sell,NASDAQ
tx_0009126,2025-06-12 10:14:12,MA,344.8,310,sell,NYSE
tx_0002082,2025-06-12 10:14:17,MCD,256.59,453,sell,NYSE
tx_0005898,2025-06-12 10:14:24,GOOGL,2822.28,910,sell,NASDAQ
tx_0005681,2025-06-12 10:14:24,AMZN,3434.59,815,buy,NASDAQ
tx_0009222,2025-06-12 10:14:26,KO,53.29,122,buy,NYSE
tx_0009253,2025-06-12 10:14:28,ADBE,598.32,223,sell,NASDAQ
tx_0006183,2025-06-12 10:14:29,NFLX,516.85,740,buy,NASDAQ
tx_0008156,2025-06-12 10:14:30,MA,344.66,934,buy,NYSE
tx_0008234,2025-06-12 10:14:30,BRK.B,265.22,617,buy,NYSE
tx_0009448,2025-06-12 10:14:31,AAPL,147.33,873,sell,NASDAQ
tx_0000489,2025-06-12 10:14:31,AMZN,3423.34,553,sell,NASDAQ
tx_0001389,2025-06-12 10:14:32,TSLA,688.94,630,sell,NASDAQ
tx_0005601,2025-06-12 10:14:32,NVDA,200.65,144,sell,NASDAQ
tx_0009750,2025-06-12 10:14:33,AMZN,3459.33,102,sell,NASDAQ
tx_0003610,2025-06-12 10:14:35,JNJ,171.65,617,buy,NYSE
tx_0004605,2025-06-12 10:14:37,PG,138.49,317,buy,NYSE
tx_0006558,2025-06-12 10:14:41,MCD,258.68,451,buy,NYSE
tx_0002479,2025-06-12 10:14:43,TSLA,688.95,168,sell,NASDAQ
tx_0000216,2025-06-12 10:14:45,JNJ,173.05,603,buy,NYSE
tx_0007129,2025-06-12 10:14:45,FB,330.06,977,sell,NASDAQ
tx_0002939,2025-06-12 10:14:45,BRK.B,269.2,798,buy,NYSE
tx_0004877,2025-06-12 10:14:48,PG,137.94,798,sell,NYSE
tx_0002390,2025-06-12 10:14:48,TSLA,688.28,880,sell,NASDAQ
tx_0008395,2025-06-12 10:14:50,PEP,148.58,249,sell,NYSE
tx_0000550,2025-06-12 10:14:50,MSFT,305.55,641,buy,NASDAQ
tx_0007712,2025-06-12 10:14:51,NFLX,515.07,596,sell,NASDAQ
tx_0007939,2025-06-12 10:14:52,MA,339.4,220,sell,NYSE
tx_0009232,2025-06-12 10:14:55,WMT,138.91,570,sell,NYSE
tx_0002175,2025-06-12 10:14:55,KO,52.9,271,buy,NYSE
tx_0003600,2025-06-12 10:14:57,WMT,138.06,164,sell,NYSE
tx_0003787,2025-06-12 10:14:59,AMZN,3459.42,285,buy,NASDAQ
tx_0007890,2025-06-12 10:15:00,MSFT,303.2,282,buy,NASDAQ
tx_0001916,2025-06-12 10:15:01,JNJ,171.32,222,buy,NYSE
tx_0006381,2025-06-12 10:15:02,PYPL,246.6,937,buy,NASDAQ
tx_0002799,2025-06-12 10:15:10,V,222.7,302,buy,NYSE
tx_0008583,2025-06-12 10:15:16,MSFT,303.41,780,sell,NASDAQ
tx_0005593,2025-06-12 10:15:19,AMZN,3401.38,591,sell,NASDAQ
tx_0003476,2025-06-12 10:15:20,NVDA,204.28,178,buy,NASDAQ
tx_0005149,2025-06-12 10:15:20,TSLA,687.3,494,sell,NASDAQ
tx_0005552,2025-06-12 10:15:23,V,221.02,620,sell,NYSE
tx_0000001,2025-06-12 10:15:24,WMT,138.19,101,sell,NYSE
tx_0009120,2025-06-12 10:15:28,JNJ,172.04,963,buy,NYSE
tx_0009447,2025-06-12 10:15:29,PEP,151.05,530,buy,NYSE
tx_0004304,2025-06-12 10:15:33,AMZN,3411.2,242,buy,NASDAQ
tx_0001031,2025-06-12 10:15:40,ADBE,590.41,834,sell,NASDAQ
tx_0000940,2025-06-12 10:15:44,PYPL,,438,buy,NASDAQ
tx_0001937,2025-06-12 10:15:53,BRK.B,265.43,106,buy,NYSE
tx_0005726,2025-06-12 10:15:53,BRK.B,269.12,298,sell,NYSE
tx_0009482,2025-06-12 10:15:53,JNJ,172.35,458,sell,NYSE
tx_0007325,2025-06-12 10:15:55,GOOGL,2800.53,534,sell,NASDAQ
tx_0005262,2025-06-12 10:15:56,JNJ,169.99,255,sell,NYSE
tx_0009485,2025-06-12 10:15:57,FB,328.88,300,sell,NASDAQ
tx_0002863,2025-06-12 10:16:02,MCD,258.96,243,sell,NYSE
tx_0004713,2025-06-12 10:16:06,PEP,149.85,200,sell,NYSE
tx_0004935,2025-06-12 10:16:14,FB,330.53,130,sell,NASDAQ
tx_0001645,2025-06-12 10:16:15,PG,138.32,572,sell,NYSE
tx_0006840,2025-06-12 10:16:17,AAPL,150.11,823,sell,NASDAQ
tx_0004071,2025-06-12 10:16:18,WMT,139.93,736,buy,NYSE
tx_0008239,2025-06-12 10:16:26,AAPL,149.32,247,buy,NASDAQ
tx_0004142,2025-06-12 10:16:31,FB,329.07,614,sell,NASDAQ
tx_0004625,2025-06-12 10:16:32,DIS,188.49,512,buy,NYSE
tx_0004708,2025-06-12 10:16:33,ADBE,587.08,800,sell,NASDAQ
tx_0005699,2025-06-12 10:16:36,BRK.B,266.0,901,buy,NYSE
tx_0005467,2025-06-12 10:16:36,JNJ,170.88,782,sell,NYSE
tx_0007769,2025-06-12 10:16:38,WMT,140.18,986,sell,NYSE
tx_0003253,2025-06-12 10:16:39,PEP,147.23,936,buy,NYSE
tx_0007586,2025-06-12 10:16:39,TSLA,693.66,442,sell,NASDAQ
tx_0008432,2025-06-12 10:16:41,MSFT,305.33,494,sell,NASDAQ
tx_0002205,2025-06-12 10:16:42,ADBE,596.5,410,sell,NASDAQ
tx_0005969,2025-06-12 10:16:53,TSLA,681.13,447,buy,NASDAQ
tx_0000254,2025-06-12 10:17:01,KO,53.03,244,sell,NYSE
tx_0004215,2025-06-12 10:17:01,ADBE,588.72,855,buy,NASDAQ
tx_0004121,2025-06-12 10:17:02,PEP,148.41,134,buy,NYSE
tx_0002618,2025-06-12 10:17:03,KO,52.74,606,sell,NYSE
tx_0006470,2025-06-12 10:17:06,WMT,139.23,433,buy,NYSE
tx_0003584,2025-06-12 10:17:14,MSFT,303.37,356,sell,NASDAQ
tx_0007376,2025-06-12 10:17:15,NVDA,202.11,488,sell,NASDAQ
tx_0000523,2025-06-12 10:17:15,FB,330.8,117,buy,NASDAQ
tx_0003811,2025-06-12 10:17:17,MA,340.38,257,sell,NYSE
tx_0007832,2025-06-12 10:17:20,FB,327.14,903,sell,NASDAQ
tx_0006570,2025-06-12 10:17:20,MCD,261.15,234,buy,NYSE
tx_0006386,2025-06-12 10:17:21,PYPL,247.05,245,sell,NASDAQ
tx_0003672,2025-06-12 10:17:25,PYPL,243.95,899,buy,NASDAQ
tx_0008448,2025-06-12 10:17:34,NVDA,202.91,948,sell,NASDAQ
tx_0006847,2025-06-12 10:17:34,TSLA,685.16,848,sell,NASDAQ
tx_0007464,2025-06-12 10:17:35,MCD,258.14,619,buy,NYSE
tx_0004396,2025-06-12 10:17:37,PYPL,245.92,479,sell,NASDAQ
tx_0008909,2025-06-12 10:17:37,PEP,150.0,564,sell,NYSE
tx_0009773,2025-06-12 10:17:39,MA,342.95,815,buy,NYSE
tx_0004036,2025-06-12 10:17:41,PG,136.2,126,sell,NYSE
tx_0005505,2025-06-12 10:17:42,PG,138.06,266,sell,NYSE
tx_0002180,2025-06-12 10:17:43,NVDA,204.26,695,buy,NASDAQ
tx_0002668,2025-06-12 10:17:44,WMT,138.26,429,buy,NYSE
tx_0004987,2025-06-12 10:17:46,JNJ,169.02,397,buy,NYSE
tx_0006711,2025-06-12 10:17:47,WMT,139.96,950,sell,NYSE
tx_0006055,2025-06-12 10:17:48,JNJ,171.07,441,sell,NYSE
tx_0007278,2025-06-12 10:17:49,MA,343.33,467,buy,NYSE
tx_0005233,2025-06-12 10:17:49,JNJ,171.3,179,buy,NYSE
tx_0006427,2025-06-12 10:17:49,KO,52.76,981,sell,NYSE
tx_0007505,2025-06-12 10:17:56,PG,136.44,262,buy,NYSE
tx_0008260,2025-06-12 10:17:56,AMZN,3442.48,763,buy,NASDAQ
tx_0004857,2025-06-12 10:17:58,NFLX,511.9,729,buy,NASDAQ
tx_0000579,2025-06-12 10:17:58,PYPL,246.9,859,buy,NASDAQ
tx_0000384,2025-06-12 10:18:02,GOOGL,2782.8,553,buy,NASDAQ
tx_0002957,2025-06-12 10:18:03,PEP,149.29,177,sell,NYSE
tx_0002063,2025-06-12 10:18:03,ADBE,590.48,632,buy,NASDAQ
tx_0007895,2025-06-12 10:18:05,FB,330.65,643,buy,NASDAQ
tx_0004993,2025-06-12 10:18:07,V,226.19,114,buy,NYSE
tx_0004966,2025-06-12 10:18:13,TSLA,687.48,666,buy,NASDAQ
tx_0007390,2025-06-12 10:18:15,V,225.74,597,sell,NYSE
tx_0005441,2025-06-12 10:18:17,PG,138.21,700,sell,NYSE
tx_0000215,2025-06-12 10:18:21,AAPL,148.18,252,sell,NASDAQ
tx_0003707,2025-06-12 10:18:22,NFLX,520.12,570,buy,NASDAQ
tx_0009811,2025-06-12 10:18:23,WMT,139.24,734,sell,NYSE
tx_0003943,2025-06-12 10:18:25,NFLX,516.87,442,sell,NASDAQ
tx_0008202,2025-06-12 10:18:28,ADBE,589.7,553,sell,NASDAQ
tx_0003597,2025-06-12 10:18:29,PYPL,247.5,863,sell,NASDAQ
tx_0001590,2025-06-12 10:18:30,PYPL,242.97,564,buy,NASDAQ
tx_0004167,2025-06-12 10:18:31,AMZN,3406.04,303,buy,NASDAQ
tx_0006332,2025-06-12 10:18:34,PYPL,243.0,962,sell,NASDAQ
tx_0005303,2025-06-12 10:18:41,MCD,258.39,262,buy,NYSE
tx_0004635,2025-06-12 10:18:47,PEP,149.71,641,sell,NYSE
tx_0001390,2025-06-12 10:18:49,TSLA,679.38,465,sell,NASDAQ
tx_0009707,2025-06-12 10:18:49,NVDA,203.5,747,buy,NASDAQ
tx_0007167,2025-06-12 10:18:49,BRK.B,264.66,155,buy,NYSE
tx_0009401,2025-06-12 10:18:53,BRK.B,263.66,964,buy,NYSE
tx_0009732,2025-06-12 10:18:59,JNJ,171.18,706,buy,NYSE
tx_0001051,2025-06-12 10:19:05,MA,341.75,996,buy,NYSE
tx_0005284,2025-06-12 10:19:07,MA,341.8,200,sell,NYSE
tx_0005175,2025-06-12 10:19:12,AAPL,148.84,533,buy,NASDAQ
tx_0005861,2025-06-12 10:19:16,ADBE,591.46,896,buy,NASDAQ
tx_0005367,2025-06-12 10:19:18,TSLA,681.57,698,sell,NASDAQ
tx_0006503,2025-06-12 10:19:18,GOOGL,2810.12,219,buy,NASDAQ
tx_0007813,2025-06-12 10:19:21,GOOGL,2801.78,405,sell,NASDAQ
tx_0005573,2025-06-12 10:19:21,MA,337.65,625,buy,NYSE
tx_0008691,2025-06-12 10:19:26,MA,340.51,813,buy,NYSE
tx_0006932,2025-06-12 10:19:27,FB,332.62,200,buy,NASDAQ
tx_0007276,2025-06-12 10:19:28,BRK.B,263.98,992,buy,NYSE
tx_0001909,2025-06-12 10:19:35,GOOGL,2793.6,926,buy,
tx_0007661,2025-06-12 10:19:38,FB,330.83,643,sell,NASDAQ
tx_0005995,2025-06-12 10:19:42,PYPL,245.77,583,buy,NASDAQ
tx_0007288,2025-06-12 10:19:42,FB,332.3,360,sell,NASDAQ
tx_0002691,2025-06-12 10:19:43,AAPL,150.11,700,buy,NASDAQ
tx_0008695,2025-06-12 10:19:45,PYPL,246.97,995,sell,NASDAQ
tx_0002798,2025-06-12 10:19:48,FB,328.38,747,buy,NASDAQ
tx_0007417,2025-06-12 10:19:49,MSFT,305.87,863,sell,NASDAQ
tx_0000359,2025-06-12 10:19:49,PG,137.86,116,buy,NYSE
tx_0005331,2025-06-12 10:19:52,NVDA,203.02,661,buy,NASDAQ
tx_0001182,2025-06-12 10:19:55,BRK.B,264.15,462,,NYSE
tx_0005055,2025-06-12 10:19:57,PYPL,247.67,581,buy,NASDAQ
tx_0003820,2025-06-12 10:19:59,NFLX,514.58,403,sell,NASDAQ
tx_0003767,2025-06-12 10:20:01,FB,327.15,632,sell,NASDAQ
tx_0007029,2025-06-12 10:20:02,KO,52.78,892,buy,NYSE
tx_0006461,2025-06-12 10:20:04,MCD,263.52,476,buy,NYSE
tx_0006901,2025-06-12 10:20:05,TSLA,677.82,531,buy,NASDAQ
tx_0005994,2025-06-12 10:20:06,NFLX,517.08,713,buy,NASDAQ
tx_0007334,2025-06-12 10:20:07,NFLX,511.25,896,sell,NASDAQ
tx_0006974,2025-06-12 10:20:13,MA,339.4,764,buy,NYSE
tx_0005192,2025-06-12 10:20:20,PG,137.61,210,sell,NYSE
tx_0001396,2025-06-12 10:20:22,WMT,140.65,470,sell,NYSE
tx_0001434,2025-06-12 10:20:23,KO,53.22,347,sell,NYSE
tx_0000946,2025-06-12 10:20:30,FB,327.31,794,buy,NASDAQ
tx_0002203,2025-06-12 10:20:32,PEP,147.45,974,buy,NYSE
tx_0008427,2025-06-12 10:20:32,WMT,138.22,770,sell,NYSE
tx_0006853,2025-06-12 10:20:36,PG,135.61,718,sell,NYSE
tx_0008163,2025-06-12 10:20:37,WMT,139.81,324,sell,NYSE
tx_0000087,2025-06-12 10:20:39,NVDA,200.65,691,sell,NASDAQ
tx_0003662,2025-06-12 10:20:40,TSLA,687.8,525,sell,NASDAQ
tx_0000303,2025-06-12 10:20:42,DIS,189.87,482,buy,NYSE
tx_0004306,2025-06-12 10:20:45,WMT,140.51,286,buy,NYSE
tx_0006579,2025-06-12 10:20:46,AMZN,3372.23,788,buy,NASDAQ
tx_0004081,2025-06-12 10:20:46,NFLX,513.46,841,buy,NASDAQ
tx_0001914,2025-06-12 10:20:47,MA,339.57,915,buy,NYSE
tx_0009465,2025-06-12 10:20:48,GOOGL,2787.88,583,sell,NASDAQ
tx_0001274,2025-06-12 10:20:51,MCD,259.18,957,sell,NYSE
tx_0008685,2025-06-12 10:20:55,MA,340.34,148,sell,NYSE
tx_0009721,2025-06-12 10:21:00,WMT,139.7,393,sell,NYSE
tx_0001454,2025-06-12 10:21:01,JNJ,171.61,237,sell,NYSE
tx_0004830,2025-06-12 10:21:03,PEP,148.92,963,buy,NYSE
tx_0005630,2025-06-12 10:21:03,NFLX,512.32,559,buy,NASDAQ
tx_0003097,2025-06-12 10:21:05,MSFT,302.58,793,sell,NASDAQ
tx_0000605,2025-06-12 10:21:11,TSLA,677.16,355,sell,NASDAQ
tx_0006196,2025-06-12 10:21:16,BRK.B,266.01,338,buy,NYSE
tx_0007876,2025-06-12 10:21:16,KO,53.22,440,buy,NYSE
tx_0008089,2025-06-12 10:21:23,KO,52.96,137,sell,NYSE
tx_0000614,2025-06-12 10:21:24,AMZN,3425.02,790,buy,NASDAQ
tx_0007158,2025-06-12 10:21:29,WMT,138.28,289,buy,NYSE
tx_0004555,2025-06-12 10:21:30,V,225.61,880,sell,NYSE
tx_0004455,2025-06-12 10:21:31,MA,340.53,752,sell,NYSE
tx_0000873,2025-06-12 10:21:40,NVDA,201.05,156,buy,NASDAQ
tx_0009575,2025-06-12 10:21:42,PEP,149.38,148,buy,NYSE
tx_0009691,2025-06-12 10:21:43,PYPL,245.8,364,buy,NASDAQ
tx_0008993,2025-06-12 10:21:46,PEP,147.94,817,buy,NYSE
tx_0008438,2025-06-12 10:21:47,GOOGL,2819.07,315,buy,NASDAQ
tx_0000944,2025-06-12 10:21:47,FB,333.13,566,sell,NASDAQ
tx_0008854,2025-06-12 10:21:55,PEP,147.27,960,sell,NYSE
tx_0006097,2025-06-12 10:21:59,NFLX,518.37,428,sell,NASDAQ
tx_0005337,2025-06-12 10:22:05,TSLA,687.27,796,buy,NASDAQ
tx_0005889,2025-06-12 10:22:05,TSLA,678.28,674,buy,NASDAQ
tx_0007888,2025-06-12 10:22:07,AAPL,150.42,298,buy,NASDAQ
tx_0000161,2025-06-12 10:22:09,JNJ,170.4,577,buy,NYSE
tx_0001436,2025-06-12 10:22:13,MSFT,304.49,932,sell,NASDAQ
tx_0004815,2025-06-12 10:22:23,KO,52.7,991,sell,NYSE
tx_0001372,2025-06-12 10:22:23,WMT,140.39,192,buy,NYSE
tx_0009217,2025-06-12 10:22:23,DIS,190.61,184,buy,NYSE
tx_0006373,2025-06-12 10:22:23,AAPL,149.55,186,buy,NASDAQ
tx_0001702,2025-06-12 10:22:27,MA,343.55,876,sell,NYSE
tx_0006694,2025-06-12 10:22:28,AAPL,149.07,663,buy,NASDAQ
tx_0003993,2025-06-12 10:22:28,AAPL,150.09,820,buy,NASDAQ
tx_0000327,2025-06-12 10:22:28,MCD,259.43,766,buy,NYSE
tx_0009772,2025-06-12 10:22:28,BRK.B,263.04,306,buy,NYSE
tx_0007922,2025-06-12 10:22:33,TSLA,687.28,657,sell,NASDAQ
tx_0002333,2025-06-12 10:22:39,BRK.B,266.49,259,sell,NYSE
tx_0007770,2025-06-12 10:22:44,WMT,139.41,169,sell,NYSE
tx_0001842,2025-06-12 10:22:45,GOOGL,2804.1,640,buy,NASDAQ
tx_0003036,2025-06-12 10:22:45,MCD,261.71,376,sell,NYSE
tx_0005386,2025-06-12 10:22:46,ADBE,583.98,390,buy,NASDAQ
tx_0009188,2025-06-12 10:22:48,NVDA,201.91,647,buy,NASDAQ
tx_0002032,2025-06-12 10:22:48,NFLX,511.01,297,sell,NASDAQ
tx_0004359,2025-06-12 10:22:53,PYPL,242.72,660,buy,NASDAQ
tx_0003042,2025-06-12 10:22:54,MA,340.51,981,sell,NYSE
tx_0009068,2025-06-12 10:22:55,AMZN,3450.16,763,sell,NASDAQ
tx_0000733,2025-06-12 10:22:56,ADBE,585.76,857,sell,NASDAQ
tx_0007761,2025-06-12 10:23:00,NFLX,512.57,797,sell,NASDAQ
tx_0006257,2025-06-12 10:23:03,PYPL,241.14,957,buy,NASDAQ
tx_0006877,2025-06-12 10:23:07,KO,52.99,610,sell,NYSE
tx_0003436,2025-06-12 10:23:07,KO,52.96,427,sell,NYSE
tx_0001918,2025-06-12 10:23:07,AAPL,150.34,132,buy,NASDAQ
tx_0008233,2025-06-12 10:23:15,ADBE,592.09,995,buy,NASDAQ
tx_0008562,2025-06-12 10:23:17,GOOGL,2811.43,503,buy,NASDAQ
tx_0007735,2025-06-12 10:23:19,TSLA,676.71,265,buy,NASDAQ
tx_0000442,2025-06-12 10:23:23,PEP,147.71,546,sell,NYSE
tx_0005332,2025-06-12 10:23:24,PG,138.17,256,sell,NYSE
tx_0004397,2025-06-12 10:23:24,WMT,139.46,672,sell,NYSE
tx_0002375,2025-06-12 10:23:26,PG,137.94,654,sell,NYSE
tx_0005380,2025-06-12 10:23:29,AMZN,3406.96,143,sell,NASDAQ
tx_0009599,2025-06-12 10:23:31,DIS,189.24,789,sell,NYSE
tx_0008244,2025-06-12 10:23:31,PEP,148.05,306,buy,NYSE
tx_0000380,2025-06-12 10:23:32,WMT,138.57,194,buy,NYSE
tx_0001640,2025-06-12 10:23:35,PYPL,241.66,948,buy,NASDAQ
tx_0003686,2025-06-12 10:23:35,BRK.B,262.95,815,sell,NYSE
tx_0000686,2025-06-12 10:23:37,KO,53.88,309,sell,NYSE
tx_0002343,2025-06-12 10:23:37,PEP,148.99,720,sell,NYSE
tx_0008009,2025-06-12 10:23:38,MSFT,304.47,843,sell,NASDAQ
tx_0002404,2025-06-12 10:23:39,MSFT,300.58,798,buy,NASDAQ
tx_0004856,2025-06-12 10:23:41,NFLX,514.6,455,sell,NASDAQ
tx_0004780,2025-06-12 10:23:42,AMZN,3380.74,138,sell,NASDAQ
tx_0002339,2025-06-12 10:23:44,ADBE,586.42,766,buy,NASDAQ
tx_0001195,2025-06-12 10:23:48,V,226.44,297,sell,NYSE
tx_0004181,2025-06-12 10:23:48,MSFT,299.74,562,sell,NASDAQ
tx_0009148,2025-06-12 10:23:49,MA,343.91,637,sell,NYSE
tx_0006008,2025-06-12 10:23:50,PEP,148.92,311,sell,NYSE
tx_0004764,2025-06-12 10:23:51,AAPL,150.42,302,sell,NASDAQ
tx_0004038,2025-06-12 10:23:52,PEP,147.22,162,sell,NYSE
tx_0006668,2025-06-12 10:23:54,BRK.B,267.02,142,buy,NYSE
tx_0001451,2025-06-12 10:23:54,MA,340.66,778,buy,NYSE
tx_0001883,2025-06-12 10:23:55,WMT,139.16,648,buy,NYSE
tx_0002519,2025-06-12 10:24:00,FB,333.23,954,sell,NASDAQ
tx_0008662,2025-06-12 10:24:01,JNJ,169.17,896,buy,NYSE
tx_0009404,2025-06-12 10:24:01,JNJ,171.69,615,sell,NYSE
tx_0009226,2025-06-12 10:24:02,GOOGL,2828.98,142,buy,NASDAQ
tx_0004784,2025-06-12 10:24:02,PG,136.55,627,sell,NYSE
tx_0006927,2025-06-12 10:24:03,MCD,260.01,809,buy,NYSE
tx_0002326,2025-06-12 10:24:04,AAPL,150.99,509,buy,NASDAQ
tx_0008693,2025-06-12 10:24:07,MCD,260.64,567,buy,NYSE
tx_0008318,2025-06-12 10:24:07,GOOGL,2803.69,808,buy,NASDAQ
tx_0009088,2025-06-12 10:24:08,WMT,139.03,686,buy,NYSE
tx_0004558,2025-06-12 10:24:16,WMT,139.48,992,buy,NYSE
tx_0002608,2025-06-12 10:24:18,AAPL,149.18,473,buy,NASDAQ
tx_0006632,2025-06-12 10:24:18,ADBE,595.29,813,buy,NASDAQ
tx_0008013,2025-06-12 10:24:24,MSFT,299.05,600,sell,NASDAQ
tx_0006906,2025-06-12 10:24:26,AAPL,149.26,143,buy,NASDAQ
tx_0007255,2025-06-12 10:24:26,NVDA,204.12,376,sell,NASDAQ
tx_0003326,2025-06-12 10:24:30,MA,337.98,982,sell,NYSE
tx_0004329,2025-06-12 10:24:31,MA,340.36,347,sell,NYSE
tx_0007564,2025-06-12 10:24:37,PYPL,244.04,280,buy,NASDAQ
tx_0001481,2025-06-12 10:24:37,FB,332.73,882,buy,NASDAQ
tx_0002060,2025-06-12 10:24:38,V,226.7,484,sell,NYSE
tx_0004783,2025-06-12 10:24:41,PEP,148.02,622,sell,NYSE
tx_0001828,2025-06-12 10:24:41,DIS,190.61,455,sell,NYSE
tx_0002196,2025-06-12 10:24:42,FB,336.74,780,sell,NASDAQ
tx_0000929,2025-06-12 10:24:47,NFLX,511.65,892,sell,NASDAQ
tx_0000494,2025-06-12 10:24:53,MCD,259.5,824,buy,NYSE
tx_0006652,2025-06-12 10:24:54,PEP,,212,buy,NYSE
tx_0008229,2025-06-12 10:24:54,NVDA,200.83,236,sell,NASDAQ
tx_0007135,2025-06-12 10:24:59,FB,330.98,108,sell,NASDAQ
tx_0000551,2025-06-12 10:25:03,KO,52.76,768,buy,NYSE
tx_0003581,2025-06-12 10:25:04,MSFT,300.12,866,buy,NASDAQ
tx_0001707,2025-06-12 10:25:06,MCD,261.87,345,buy,NYSE
tx_0001949,2025-06-12 10:25:09,PEP,147.02,634,buy,NYSE
tx_0000025,2025-06-12 10:25:09,NFLX,517.29,499,sell,NASDAQ
tx_0000908,2025-06-12 10:25:11,PG,139.23,255,sell,NYSE
tx_0001994,2025-06-12 10:25:11,PEP,147.03,721,buy,NYSE
tx_0006946,2025-06-12 10:25:12,DIS,190.2,852,sell,NYSE
tx_0003060,2025-06-12 10:25:13,MCD,262.5,142,buy,NYSE
tx_0005117,2025-06-12 10:25:15,KO,53.69,638,buy,NYSE
tx_0000604,2025-06-12 10:25:23,PYPL,240.81,522,sell,NASDAQ
tx_0003560,2025-06-12 10:25:26,GOOGL,2840.89,456,sell,NASDAQ
tx_0005267,2025-06-12 10:25:26,PEP,149.41,794,buy,NYSE
tx_0008974,2025-06-12 10:25:26,MA,341.63,586,buy,NYSE
tx_0002769,2025-06-12 10:25:32,NVDA,200.83,571,sell,NASDAQ
tx_0006496,2025-06-12 10:25:34,KO,52.67,889,sell,NYSE
tx_0009330,2025-06-12 10:25:35,DIS,189.39,656,sell,NYSE
tx_0002246,2025-06-12 10:25:35,GOOGL,2841.1,279,buy,NASDAQ
tx_0008446,2025-06-12 10:25:38,PYPL,243.75,558,buy,NASDAQ
tx_0006521,2025-06-12 10:25:42,PG,138.68,513,sell,NYSE
tx_0008560,2025-06-12 10:25:45,BRK.B,263.85,784,buy,NYSE
tx_0001169,2025-06-12 10:25:48,AAPL,149.15,647,sell,NASDAQ
tx_0004416,2025-06-12 10:25:48,KO,53.07,367,sell,NYSE
tx_0005815,2025-06-12 10:25:51,GOOGL,2802.43,182,buy,NASDAQ
tx_0006659,2025-06-12 10:25:52,PG,139.44,703,sell,NYSE
tx_0004734,2025-06-12 10:25:53,BRK.B,265.77,872,buy,NYSE
tx_0003412,2025-06-12 10:25:57,PG,138.87,662,sell,NYSE
tx_0001180,2025-06-12 10:25:58,NFLX,518.35,323,sell,NASDAQ
tx_0002859,2025-06-12 10:26:01,MSFT,302.79,903,sell,NASDAQ
tx_0005717,2025-06-12 10:26:04,TSLA,680.36,174,buy,NASDAQ
tx_0006606,2025-06-12 10:26:04,WMT,140.01,841,sell,NYSE
tx_0002212,2025-06-12 10:26:05,NVDA,201.95,318,buy,NASDAQ
tx_0003944,2025-06-12 10:26:06,BRK.B,263.99,999,sell,
tx_0008879,2025-06-12 10:26:07,KO,53.64,142,buy,NYSE
tx_0009064,2025-06-12 10:26:07,MCD,263.55,870,buy,NYSE
tx_0000575,2025-06-12 10:26:11,V,226.88,469,buy,NYSE
tx_0005350,2025-06-12 10:26:13,AMZN,3454.62,125,buy,NASDAQ
tx_0002894,2025-06-12 10:26:14,PG,137.54,165,buy,NYSE
tx_0005302,2025-06-12 10:26:19,WMT,139.43,309,buy,NYSE
tx_0002792,2025-06-12 10:26:19,MA,345.01,272,sell,NYSE
tx_0002832,2025-06-12 10:26:22,MCD,261.17,733,sell,NYSE
tx_0009441,2025-06-12 10:26:23,WMT,138.61,530,sell,NYSE
tx_0000472,2025-06-12 10:26:26,FB,332.24,213,sell,NASDAQ
tx_0002571,2025-06-12 10:26:27,BRK.B,266.63,359,buy,NYSE
tx_0003659,2025-06-12 10:26:29,GOOGL,2826.78,142,buy,NASDAQ
tx_0008876,2025-06-12 10:26:29,MCD,260.5,604,sell,NYSE
tx_0002182,2025-06-12 10:26:31,FB,334.98,524,sell,NASDAQ
tx_0009824,2025-06-12 10:26:31,AMZN,3403.29,265,sell,NASDAQ
tx_0003607,2025-06-12 10:26:32,ADBE,591.58,192,sell,NASDAQ
tx_0007750,2025-06-12 10:26:33,V,231.33,783,sell,NYSE
tx_0001791,2025-06-12 10:26:33,GOOGL,2812.9,162,buy,NASDAQ
tx_0005020,2025-06-12 10:26:34,PEP,148.84,158,buy,NYSE
tx_0000839,2025-06-12 10:26:39,GOOGL,2835.7,533,buy,NASDAQ
tx_0000934,2025-06-12 10:26:41,DIS,189.89,168,buy,NYSE
tx_0001151,2025-06-12 10:26:48,PG,140.13,621,sell,NYSE
tx_0006411,2025-06-12 10:26:51,KO,53.52,324,sell,NYSE
tx_0005106,2025-06-12 10:26:51,ADBE,594.05,807,buy,NASDAQ
tx_0002223,2025-06-12 10:26:55,JNJ,170.57,139,sell,NYSE
tx_0002823,2025-06-12 10:26:56,WMT,139.67,870,buy,NYSE
tx_0008197,2025-06-12 10:26:58,DIS,191.59,497,buy,NYSE
tx_0000877,2025-06-12 10:26:58,PG,,194,sell,NYSE
tx_0003220,2025-06-12 10:26:58,NVDA,200.34,975,sell,NASDAQ
tx_0004525,2025-06-12 10:26:58,BRK.B,265.8,981,sell,NYSE
tx_0002388,2025-06-12 10:27:08,PYPL,242.88,240,buy,NASDAQ
tx_0005901,2025-06-12 10:27:09,AAPL,151.81,198,sell,NASDAQ
tx_0009234,2025-06-12 10:27:26,PYPL,240.87,166,sell,NASDAQ
tx_0005462,2025-06-12 10:27:29,PEP,147.17,593,sell,NYSE
tx_0008139,2025-06-12 10:27:36,BRK.B,267.8,154,buy,NYSE
tx_0009360,2025-06-12 10:27:39,PEP,146.78,496,buy,NYSE
tx_0008316,2025-06-12 10:27:40,WMT,137.31,713,buy,NYSE
tx_0000625,2025-06-12 10:27:43,AAPL,149.9,452,sell,NASDAQ
tx_0009515,2025-06-12 10:27:44,WMT,139.75,788,buy,NYSE
tx_0009047,2025-06-12 10:27:51,V,229.31,365,buy,NYSE
tx_0008417,2025-06-12 10:27:52,WMT,137.36,960,sell,NYSE
tx_0002414,2025-06-12 10:27:53,PYPL,240.87,731,sell,NASDAQ
tx_0001420,2025-06-12 10:27:54,DIS,191.54,436,sell,NYSE
tx_0009464,2025-06-12 10:27:55,FB,336.74,345,sell,NASDAQ
tx_0007844,2025-06-12 10:27:55,V,227.77,531,buy,NYSE
tx_0004917,2025-06-12 10:28:00,GOOGL,2797.43,317,sell,NASDAQ
tx_0009622,2025-06-12 10:28:01,NFLX,517.3,225,buy,NASDAQ
tx_0000945,2025-06-12 10:28:04,AMZN,3441.63,215,buy,NASDAQ
tx_0009004,2025-06-12 10:28:06,TSLA,681.04,860,sell,NASDAQ
tx_0000805,2025-06-12 10:28:13,PG,139.51,330,buy,NYSE
tx_0003345,2025-06-12 10:28:14,GOOGL,2809.51,319,sell,NASDAQ
tx_0007345,2025-06-12 10:28:17,FB,332.39,455,sell,NASDAQ
tx_0003123,2025-06-12 10:28:24,JNJ,170.7,874,sell,NYSE
tx_0000311,2025-06-12 10:28:28,JNJ,172.62,331,sell,NYSE
tx_0002431,2025-06-12 10:28:30,TSLA,685.52,541,buy,NASDAQ
tx_0009749,2025-06-12 10:28:30,NVDA,202.77,770,buy,NASDAQ
tx_0008220,2025-06-12 10:28:31,MCD,262.62,402,sell,NYSE
tx_0006161,2025-06-12 10:28:37,PEP,148.94,282,buy,NYSE
tx_0008924,2025-06-12 10:28:39,WMT,139.42,773,sell,NYSE
tx_0007914,2025-06-12 10:28:39,PYPL,238.98,284,buy,NASDAQ
tx_0004910,2025-06-12 10:28:42,MCD,263.65,367,sell,NYSE
tx_0001371,2025-06-12 10:28:42,KO,52.8,782,buy,NYSE
tx_0004255,2025-06-12 10:28:47,V,229.56,177,sell,NYSE
tx_0006696,2025-06-12 10:28:49,AMZN,3449.54,898,sell,NASDAQ
tx_0006163,2025-06-12 10:28:49,JNJ,173.78,332,sell,NYSE
tx_0006009,2025-06-12 10:28:56,MA,337.75,687,buy,NYSE
tx_0009483,2025-06-12 10:28:56,MCD,264.25,640,buy,NYSE
tx_0002881,2025-06-12 10:28:58,FB,336.62,868,buy,NASDAQ
tx_0001415,2025-06-12 10:28:58,AMZN,3433.55,486,sell,NASDAQ
tx_0003360,2025-06-12 10:29:00,WMT,138.17,981,buy,NYSE
tx_0002727,2025-06-12 10:29:01,JNJ,171.45,880,buy,NYSE
tx_0007836,2025-06-12 10:29:03,MA,341.09,984,buy,NYSE
tx_0001107,2025-06-12 10:29:09,AMZN,3471.29,536,buy,NASDAQ
tx_0007294,2025-06-12 10:29:10,AMZN,3461.47,646,sell,NASDAQ
tx_0003592,2025-06-12 10:29:11,AAPL,149.5,217,buy,NASDAQ
tx_0004778,2025-06-12 10:29:16,WMT,139.16,468,buy,NYSE
tx_0003712,2025-06-12 10:29:18,MA,338.82,887,buy,NYSE
tx_0005324,2025-06-12 10:29:19,PYPL,240.41,664,buy,NASDAQ
tx_0003549,2025-06-12 10:29:21,AMZN,3452.77,403,sell,NASDAQ
tx_0007811,2025-06-12 10:29:27,KO,53.24,878,buy,NYSE
tx_0003267,2025-06-12 10:29:28,NFLX,517.58,612,buy,NASDAQ
tx_0009312,2025-06-12 10:29:28,MCD,260.0,507,sell,NYSE
tx_0009342,2025-06-12 10:29:29,PYPL,241.27,871,sell,NASDAQ
tx_0002931,2025-06-12 10:29:30,TSLA,687.71,312,sell,NASDAQ
tx_0001667,2025-06-12 10:29:31,DIS,192.04,555,buy,NYSE
tx_0003280,2025-06-12 10:29:32,KO,53.68,716,buy,NYSE
tx_0004872,2025-06-12 10:29:34,NVDA,203.47,249,buy,NASDAQ
tx_0005273,2025-06-12 10:29:36,MCD,262.89,319,sell,NYSE
tx_0005454,2025-06-12 10:29:36,NVDA,202.3,197,sell,NASDAQ
tx_0007309,2025-06-12 10:29:37,AMZN,3458.98,576,sell,NASDAQ
tx_0001147,2025-06-12 10:29:42,NVDA,202.87,676,sell,NASDAQ
tx_0007468,2025-06-12 10:29:46,TSLA,680.46,654,sell,NASDAQ
tx_0003860,2025-06-12 10:29:46,BRK.B,266.3,493,sell,NYSE
tx_0001477,2025-06-12 10:29:51,KO,53.24,775,sell,NYSE
tx_0003903,2025-06-12 10:29:51,FB,336.57,633,sell,NASDAQ
tx_0007085,2025-06-12 10:29:52,TSLA,685.4,727,sell,NASDAQ
tx_0007287,2025-06-12 10:29:54,V,229.21,241,sell,NYSE
tx_0002694,2025-06-12 10:29:54,NFLX,511.14,403,sell,NASDAQ
tx_0004534,2025-06-12 10:29:54,WMT,138.12,455,buy,NYSE
tx_0003196,2025-06-12 10:29:56,MSFT,302.07,734,buy,NASDAQ
tx_0003379,2025-06-12 10:30:01,PEP,147.89,325,buy,NYSE
tx_0001730,2025-06-12 10:30:04,TSLA,687.25,987,sell,NASDAQ
tx_0008918,2025-06-12 10:30:06,ADBE,600.37,799,sell,NASDAQ
tx_0006274,2025-06-12 10:30:07,V,227.62,437,buy,NYSE
tx_0002484,2025-06-12 10:30:13,AMZN,3464.86,182,buy,NASDAQ
tx_0002093,2025-06-12 10:30:14,PYPL,239.92,157,buy,NASDAQ
tx_0003238,2025-06-12 10:30:15,WMT,140.06,517,sell,NYSE
tx_0002389,2025-06-12 10:30:18,GOOGL,2808.56,869,buy,NASDAQ
tx_0006624,2025-06-12 10:30:18,BRK.B,266.09,670,sell,NYSE
tx_0006173,2025-06-12 10:30:21,JNJ,172.31,1000,buy,NYSE
tx_0003309,2025-06-12 10:30:23,NFLX,515.61,484,sell,NASDAQ
tx_0000308,2025-06-12 10:30:23,BRK.B,263.79,759,sell,NYSE
tx_0005311,2025-06-12 10:30:25,PEP,146.25,469,sell,NYSE
tx_0000196,2025-06-12 10:30:26,PEP,148.12,342,buy,NYSE
tx_0000124,2025-06-12 10:30:26,AMZN,3440.98,563,sell,NASDAQ
tx_0005534,2025-06-12 10:30:26,ADBE,594.8,432,sell,NASDAQ
tx_0008955,2025-06-12 10:30:29,GOOGL,2785.09,121,sell,NASDAQ
tx_0004344,2025-06-12 10:30:37,WMT,137.93,456,buy,NYSE
tx_0003877,2025-06-12 10:30:45,PG,139.21,610,buy,NYSE
tx_0002935,2025-06-12 10:30:45,PEP,147.11,410,buy,NYSE
tx_0009597,2025-06-12 10:30:54,PG,138.26,109,sell,NYSE
tx_0005456,2025-06-12 10:30:57,KO,53.45,506,buy,NYSE
tx_0002235,2025-06-12 10:31:01,NVDA,204.02,970,sell,NASDAQ
tx_0005867,2025-06-12 10:31:06,JNJ,172.48,855,buy,NYSE
tx_0001095,2025-06-12 10:31:10,PEP,148.34,668,buy,NYSE
tx_0009463,2025-06-12 10:31:14,MCD,264.78,252,buy,NYSE
tx_0008667,2025-06-12 10:31:15,PYPL,240.99,523,sell,NASDAQ
tx_0009385,2025-06-12 10:31:15,MSFT,303.47,675,sell,NASDAQ
tx_0005915,2025-06-12 10:31:16,GOOGL,2801.99,512,buy,NASDAQ
tx_0008704,2025-06-12 10:31:24,GOOGL,2814.05,276,sell,NASDAQ
tx_0001363,2025-06-12 10:31:25,ADBE,601.96,991,sell,NASDAQ
tx_0008643,2025-06-12 10:31:26,GOOGL,2799.83,399,sell,NASDAQ
tx_0001271,2025-06-12 10:31:27,FB,334.4,214,buy,NASDAQ
tx_0008415,2025-06-12 10:31:30,ADBE,595.84,829,sell,
tx_0006537,2025-06-12 10:31:36,DIS,193.94,318,buy,NYSE
tx_0004811,2025-06-12 10:31:54,AMZN,3431.42,484,sell,NASDAQ
tx_0004807,2025-06-12 10:31:55,NVDA,203.52,855,buy,NASDAQ
tx_0007868,2025-06-12 10:31:58,GOOGL,2808.25,500,sell,NASDAQ
tx_0006298,2025-06-12 10:32:00,FB,335.76,498,sell,NASDAQ
tx_0007256,2025-06-12 10:32:00,AAPL,149.11,571,sell,NASDAQ
tx_0006033,2025-06-12 10:32:01,FB,336.99,304,buy,NASDAQ
tx_0004957,2025-06-12 10:32:02,GOOGL,2792.07,591,buy,
tx_0002723,2025-06-12 10:32:05,PYPL,243.09,223,buy,NASDAQ
tx_0004582,2025-06-12 10:32:08,PG,138.71,996,buy,NYSE
tx_0003200,2025-06-12 10:32:11,PYPL,241.9,683,buy,NASDAQ
tx_0005703,2025-06-12 10:32:12,JNJ,172.22,351,buy,NYSE
tx_0000454,2025-06-12 10:32:19,WMT,138.6,271,sell,NYSE
tx_0003590,2025-06-12 10:32:19,PYPL,239.89,420,sell,NASDAQ
tx_0009094,2025-06-12 10:32:21,V,230.93,280,sell,NYSE
tx_0008793,2025-06-12 10:32:28,FB,335.87,938,sell,NASDAQ
tx_0003576,2025-06-12 10:32:28,NVDA,201.3,345,buy,
tx_0007637,2025-06-12 10:32:28,PEP,147.39,387,sell,NYSE
tx_0006263,2025-06-12 10:32:30,MCD,264.98,393,buy,NYSE
tx_0002316,2025-06-12 10:32:32,AAPL,150.88,165,buy,NASDAQ
tx_0007322,2025-06-12 10:32:35,DIS,192.43,890,sell,NYSE
tx_0007144,2025-06-12 10:32:37,PEP,147.85,183,buy,NYSE
tx_0009500,2025-06-12 10:32:38,TSLA,694.73,948,buy,NASDAQ
tx_0000961,2025-06-12 10:32:40,WMT,139.29,458,sell,NYSE
tx_0001861,2025-06-12 10:32:43,NVDA,202.95,459,buy,NASDAQ
tx_0005974,2025-06-12 10:32:43,NFLX,515.75,432,sell,NASDAQ
tx_0001058,2025-06-12 10:32:44,JNJ,173.14,260,buy,NYSE
tx_0008842,2025-06-12 10:32:46,TSLA,681.64,129,buy,NASDAQ
tx_0000853,2025-06-12 10:32:49,PYPL,239.0,545,sell,NASDAQ
tx_0006655,2025-06-12 10:32:50,KO,53.07,129,buy,NYSE
tx_0005063,2025-06-12 10:32:50,BRK.B,265.28,793,sell,NYSE
tx_0005875,2025-06-12 10:32:54,V,231.05,320,sell,NYSE
tx_0002622,2025-06-12 10:32:58,NVDA,202.2,886,buy,NASDAQ
tx_0002630,2025-06-12 10:32:59,MSFT,301.24,692,buy,NASDAQ
tx_0006237,2025-06-12 10:33:05,TSLA,685.49,227,sell,NASDAQ
tx_0009118,2025-06-12 10:33:06,GOOGL,2792.4,934,sell,NASDAQ
tx_0009685,2025-06-12 10:33:15,PEP,146.97,698,buy,NYSE
tx_0007179,2025-06-12 10:33:18,PEP,147.44,967,sell,NYSE
tx_0001217,2025-06-12 10:33:19,PYPL,242.33,827,sell,NASDAQ
tx_0008190,2025-06-12 10:33:19,WMT,138.73,719,sell,NYSE
tx_0003150,2025-06-12 10:33:20,PG,139.57,796,sell,NYSE
tx_0008015,2025-06-12 10:33:25,FB,340.67,831,sell,NASDAQ
tx_0009303,2025-06-12 10:33:26,KO,53.52,147,buy,NYSE
tx_0005306,2025-06-12 10:33:31,AMZN,3482.09,537,sell,NASDAQ
tx_0000702,2025-06-12 10:33:34,MA,342.85,105,sell,NYSE
tx_0004392,2025-06-12 10:33:35,V,230.8,370,buy,NYSE
tx_0009903,2025-06-12 10:33:36,GOOGL,2786.94,538,sell,NASDAQ
tx_0004222,2025-06-12 10:33:37,GOOGL,2792.62,918,sell,NASDAQ
tx_0008880,2025-06-12 10:33:40,NVDA,204.38,876,sell,NASDAQ
tx_0008889,2025-06-12 10:33:42,JNJ,174.67,262,sell,NYSE
tx_0009912,2025-06-12 10:33:43,MCD,262.17,579,sell,NYSE
tx_0002045,2025-06-12 10:33:45,KO,53.32,926,buy,NYSE
tx_0009487,2025-06-12 10:33:50,JNJ,175.09,921,buy,NYSE
tx_0002613,2025-06-12 10:33:52,BRK.B,262.89,549,buy,NYSE
tx_0002136,2025-06-12 10:33:55,GOOGL,2793.6,873,buy,NASDAQ
tx_0002767,2025-06-12 10:33:55,DIS,195.13,228,sell,NYSE
tx_0004002,2025-06-12 10:33:55,AAPL,149.73,930,buy,NASDAQ
tx_0009307,2025-06-12 10:33:56,MSFT,297.74,539,sell,NASDAQ
tx_0008275,2025-06-12 10:33:56,DIS,193.16,471,sell,NYSE
tx_0001448,2025-06-12 10:33:57,AMZN,3432.86,441,sell,NASDAQ
tx_0004653,2025-06-12 10:33:58,PYPL,240.76,543,sell,NASDAQ
tx_0005802,2025-06-12 10:34:00,NFLX,519.58,419,sell,NASDAQ
tx_0004873,2025-06-12 10:34:01,ADBE,597.76,379,sell,NASDAQ
tx_0001048,2025-06-12 10:34:02,TSLA,690.01,294,sell,NASDAQ
tx_0000820,2025-06-12 10:34:05,TSLA,678.0,845,buy,NASDAQ
tx_0008283,2025-06-12 10:34:08,PYPL,239.92,300,buy,NASDAQ
tx_0007490,2025-06-12 10:34:09,AMZN,3482.06,802,sell,NASDAQ
tx_0003937,2025-06-12 10:34:09,NFLX,517.81,668,buy,NASDAQ
tx_0008245,2025-06-12 10:34:11,DIS,193.7,940,sell,NYSE
tx_0003058,2025-06-12 10:34:14,MCD,259.43,575,sell,NYSE
tx_0009288,2025-06-12 10:34:15,NFLX,523.35,523,sell,NASDAQ
tx_0009499,2025-06-12 10:34:17,PEP,149.1,559,buy,NYSE
tx_0004269,2025-06-12 10:34:17,NVDA,204.7,960,sell,NASDAQ
tx_0000100,2025-06-12 10:34:17,BRK.B,263.46,785,sell,NYSE
tx_0004816,2025-06-12 10:34:20,MCD,263.33,671,sell,NYSE
tx_0009554,2025-06-12 10:34:27,MA,339.17,407,sell,NYSE
tx_0008843,2025-06-12 10:34:29,FB,338.64,972,sell,NASDAQ
tx_0001347,2025-06-12 10:34:33,WMT,139.29,134,buy,NYSE
tx_0004660,2025-06-12 10:34:36,BRK.B,260.94,363,buy,NYSE
tx_0001003,2025-06-12 10:34:43,MCD,258.84,936,sell,NYSE
tx_0004729,2025-06-12 10:34:46,MSFT,297.21,177,buy,NASDAQ
tx_0000767,2025-06-12 10:34:53,AMZN,3428.4,485,sell,NASDAQ
tx_0000470,2025-06-12 10:34:56,NFLX,522.21,271,sell,NASDAQ
tx_0008270,2025-06-12 10:34:56,DIS,195.46,128,buy,NYSE
tx_0004823,2025-06-12 10:35:08,GOOGL,2763.26,905,sell,NASDAQ
tx_0004531,2025-06-12 10:35:09,TSLA,680.36,655,sell,NASDAQ
tx_0006613,2025-06-12 10:35:11,MCD,260.51,209,sell,NYSE
tx_0002142,2025-06-12 10:35:14,KO,52.92,121,buy,NYSE
tx_0000500,2025-06-12 10:35:22,GOOGL,2797.47,505,buy,NASDAQ
tx_0007929,2025-06-12 10:35:24,KO,52.73,412,buy,NYSE
tx_0004465,2025-06-12 10:35:27,DIS,192.5,139,sell,NYSE
tx_0004892,2025-06-12 10:35:28,PEP,148.39,260,sell,NYSE
tx_0002666,2025-06-12 10:35:28,KO,53.11,928,sell,NYSE
tx_0000910,2025-06-12 10:35:30,AAPL,150.97,120,sell,NASDAQ
tx_0002661,2025-06-12 10:35:31,AMZN,3452.95,682,buy,NASDAQ
tx_0007860,2025-06-12 10:35:36,MCD,262.17,158,sell,NYSE
tx_0009398,2025-06-12 10:35:38,KO,52.93,889,sell,NYSE
tx_0005556,2025-06-12 10:35:42,PG,137.34,552,sell,NYSE
tx_0005222,2025-06-12 10:35:43,WMT,137.99,110,sell,NYSE
tx_0006511,2025-06-12 10:35:46,PG,137.29,747,sell,NYSE
tx_0000773,2025-06-12 10:35:47,PEP,148.98,578,sell,NYSE
tx_0000601,2025-06-12 10:35:47,ADBE,604.06,335,sell,NASDAQ
tx_0009414,2025-06-12 10:35:48,FB,339.8,231,sell,NASDAQ
tx_0008923,2025-06-12 10:35:52,MA,338.55,886,sell,NYSE
tx_0002259,2025-06-12 10:35:54,JNJ,173.61,595,buy,NYSE
tx_0006420,2025-06-12 10:35:57,PG,138.51,805,sell,NYSE
tx_0009548,2025-06-12 10:35:58,WMT,140.09,677,buy,NYSE
tx_0006072,2025-06-12 10:36:01,FB,343.45,820,sell,NASDAQ
tx_0003008,2025-06-12 10:36:02,DIS,195.22,435,sell,NYSE
tx_0001756,2025-06-12 10:36:06,AAPL,148.53,349,sell,NASDAQ
tx_0002529,2025-06-12 10:36:08,FB,341.16,415,sell,NASDAQ
tx_0003332,2025-06-12 10:36:08,AMZN,3420.44,295,buy,NASDAQ
tx_0009815,2025-06-12 10:36:10,PEP,146.82,207,buy,NYSE
tx_0009962,2025-06-12 10:36:17,NFLX,518.24,653,sell,NASDAQ
tx_0005833,2025-06-12 10:36:20,GOOGL,2754.71,965,buy,NASDAQ
tx_0003564,2025-06-12 10:36:20,NFLX,513.61,766,buy,NASDAQ
tx_0005083,2025-06-12 10:36:26,AAPL,148.89,677,sell,NASDAQ
tx_0001727,2025-06-12 10:36:32,MA,336.26,221,buy,NYSE
tx_0004126,2025-06-12 10:36:32,JNJ,172.92,719,buy,NYSE
tx_0003588,2025-06-12 10:36:34,BRK.B,263.62,227,sell,NYSE
tx_0000855,2025-06-12 10:36:39,PG,139.24,423,buy,NYSE
tx_0009427,2025-06-12 10:36:46,DIS,193.65,247,buy,NYSE
tx_0002779,2025-06-12 10:36:47,FB,340.91,296,sell,NASDAQ
tx_0007549,2025-06-12 10:36:47,MCD,262.36,648,buy,NYSE
tx_0002139,2025-06-12 10:36:48,MA,340.43,640,buy,NYSE
tx_0003739,2025-06-12 10:36:48,V,227.49,743,buy,NYSE
tx_0006803,2025-06-12 10:36:56,AAPL,150.61,284,buy,
tx_0007168,2025-06-12 10:36:59,NVDA,203.28,844,buy,NASDAQ
tx_0007648,2025-06-12 10:36:59,MA,340.38,573,sell,NYSE
tx_0007465,2025-06-12 10:37:04,PEP,147.78,794,sell,NYSE
tx_0003622,2025-06-12 10:37:10,PEP,148.18,359,buy,NYSE
tx_0006987,2025-06-12 10:37:13,TSLA,674.22,347,buy,NASDAQ
tx_0008919,2025-06-12 10:37:14,PG,138.92,608,sell,NYSE
tx_0002949,2025-06-12 10:37:30,WMT,138.45,290,sell,NYSE
tx_0009667,2025-06-12 10:37:30,GOOGL,2759.21,609,sell,NASDAQ
tx_0003927,2025-06-12 10:37:33,PYPL,241.91,514,sell,NASDAQ
tx_0006076,2025-06-12 10:37:35,BRK.B,260.71,673,buy,NYSE
tx_0004766,2025-06-12 10:37:35,MSFT,296.81,635,sell,NASDAQ
tx_0005358,2025-06-12 10:37:35,V,229.76,133,sell,NYSE
tx_0001557,2025-06-12 10:37:37,DIS,195.14,311,sell,NYSE
tx_0007694,2025-06-12 10:37:44,PG,139.28,399,buy,NYSE
tx_0008626,2025-06-12 10:37:51,NFLX,513.28,127,buy,NASDAQ
tx_0002892,2025-06-12 10:37:52,MSFT,299.16,707,sell,NASDAQ
tx_0001805,2025-06-12 10:37:57,PYPL,243.28,912,sell,NASDAQ
tx_0006211,2025-06-12 10:38:04,WMT,137.53,327,sell,NYSE
tx_0009480,2025-06-12 10:38:07,WMT,137.52,951,buy,NYSE
tx_0007028,2025-06-12 10:38:08,FB,342.21,434,buy,NASDAQ
tx_0007265,2025-06-12 10:38:17,PG,138.58,599,buy,NYSE
tx_0003960,2025-06-12 10:38:27,AMZN,3407.52,888,sell,NASDAQ
tx_0004006,2025-06-12 10:38:27,NFLX,517.23,372,sell,NASDAQ
tx_0007701,2025-06-12 10:38:29,AMZN,3455.82,405,buy,NASDAQ
tx_0009875,2025-06-12 10:38:33,PYPL,244.19,769,buy,NASDAQ
tx_0001578,2025-06-12 10:38:33,NFLX,512.59,525,buy,NASDAQ
tx_0001283,2025-06-12 10:38:34,AAPL,150.71,933,sell,NASDAQ
tx_0004948,2025-06-12 10:38:34,NVDA,204.56,557,sell,NASDAQ
tx_0005968,2025-06-12 10:38:37,KO,52.75,820,sell,NYSE
tx_0003148,2025-06-12 10:38:38,AAPL,151.39,985,buy,NASDAQ
tx_0009696,2025-06-12 10:38:40,DIS,195.58,406,buy,NYSE
tx_0003618,2025-06-12 10:38:41,MSFT,296.73,412,buy,NASDAQ
tx_0005591,2025-06-12 10:38:41,DIS,192.86,603,buy,NYSE
tx_0002944,2025-06-12 10:38:43,MA,339.24,669,buy,NYSE
tx_0009235,2025-06-12 10:38:46,DIS,194.09,272,buy,NYSE
tx_0002493,2025-06-12 10:38:46,TSLA,681.06,467,buy,NASDAQ
tx_0006804,2025-06-12 10:38:47,PG,137.1,465,sell,NYSE
tx_0003349,2025-06-12 10:38:48,JNJ,173.21,796,buy,NYSE
tx_0009051,2025-06-12 10:38:48,MCD,261.14,888,buy,NYSE
tx_0006326,2025-06-12 10:38:51,PG,137.82,359,buy,NYSE
tx_0005121,2025-06-12 10:38:55,MCD,257.83,158,buy,NYSE
tx_0004233,2025-06-12 10:38:56,KO,53.5,735,buy,NYSE
tx_0003284,2025-06-12 10:39:00,MCD,260.73,361,sell,NYSE
tx_0002382,2025-06-12 10:39:00,NFLX,519.6,690,buy,NASDAQ
tx_0009406,2025-06-12 10:39:02,WMT,138.55,987,sell,NYSE
tx_0001815,2025-06-12 10:39:07,KO,52.49,560,buy,NYSE
tx_0000893,2025-06-12 10:39:08,PYPL,242.84,380,buy,NASDAQ
tx_0005962,2025-06-12 10:39:11,GOOGL,2791.26,723,buy,NASDAQ
tx_0008991,2025-06-12 10:39:12,MA,339.33,200,sell,NYSE
tx_0007714,2025-06-12 10:39:13,AAPL,150.94,765,sell,NASDAQ
tx_0007675,2025-06-12 10:39:15,WMT,136.61,352,buy,NYSE
tx_0002657,2025-06-12 10:39:19,DIS,193.59,260,buy,NYSE
tx_0005075,2025-06-12 10:39:20,WMT,138.34,557,buy,NYSE
tx_0005897,2025-06-12 10:39:20,BRK.B,264.19,812,sell,NYSE
tx_0000727,2025-06-12 10:39:21,WMT,137.84,468,buy,NYSE
tx_0006010,2025-06-12 10:39:23,AMZN,3431.14,208,buy,NASDAQ
tx_0004094,2025-06-12 10:39:25,TSLA,684.67,302,buy,NASDAQ
tx_0002009,2025-06-12 10:39:26,MCD,262.3,945,sell,NYSE
tx_0003517,2025-06-12 10:39:28,DIS,192.18,365,buy,NYSE
tx_0004419,2025-06-12 10:39:30,MSFT,293.01,859,buy,NASDAQ
tx_0006958,2025-06-12 10:39:34,AMZN,3458.91,816,buy,NASDAQ
tx_0009394,2025-06-12 10:39:36,MSFT,298.75,483,buy,NASDAQ
tx_0008266,2025-06-12 10:39:37,AMZN,3417.05,381,buy,NASDAQ
tx_0009836,2025-06-12 10:39:39,BRK.B,263.25,537,sell,NYSE
tx_0002667,2025-06-12 10:39:43,AMZN,3407.81,947,buy,NASDAQ
tx_0001068,2025-06-12 10:39:44,JNJ,173.82,398,sell,NYSE
tx_0004463,2025-06-12 10:39:53,WMT,139.38,369,sell,NYSE
tx_0006735,2025-06-12 10:39:53,V,227.48,239,buy,NYSE
tx_0004078,2025-06-12 10:39:57,AMZN,3433.35,811,buy,NASDAQ
tx_0004903,2025-06-12 10:40:00,MA,336.16,922,sell,NYSE
tx_0002518,2025-06-12 10:40:02,MCD,262.93,418,sell,NYSE
tx_0000461,2025-06-12 10:40:05,PEP,148.51,478,buy,NYSE
tx_0004382,2025-06-12 10:40:07,V,228.91,177,buy,NYSE
tx_0005612,2025-06-12 10:40:08,BRK.B,263.55,589,buy,NYSE
tx_0005830,2025-06-12 10:40:09,TSLA,681.58,978,sell,NASDAQ
tx_0001403,2025-06-12 10:40:14,NVDA,202.8,905,buy,NASDAQ
