transaction_id,timestamp,stock_symbol,price,quantity,order_type,exchange
tx_0000749,2025-06-09 09:30:00,V,219.16,832,sell,NYSE
tx_0006029,2025-06-09 09:30:00,NFLX,498.29,713,buy,NASDAQ
tx_0002812,2025-06-09 09:30:01,FB,326.94,218,buy,NASDAQ
tx_0002790,2025-06-09 09:30:07,FB,329.71,431,sell,NASDAQ
tx_0009100,2025-06-09 09:30:08,KO,55.04,961,buy,NYSE
tx_0003165,2025-06-09 09:30:14,GOOGL,2809.63,809,sell,NASDAQ
tx_0005505,2025-06-09 09:30:16,PG,,447,buy,NYSE
tx_0007615,2025-06-09 09:30:19,GOOGL,2815.02,188,sell,NASDAQ
tx_0007774,2025-06-09 09:30:19,NFLX,497.1,805,buy,NASDAQ
tx_0007411,2025-06-09 09:30:20,BRK.B,278.73,912,sell,NYSE
tx_0004993,2025-06-09 09:30:24,MCD,250.09,551,buy,NYSE
tx_0001042,2025-06-09 09:30:28,NVDA,198.94,413,buy,NASDAQ
tx_0008718,2025-06-09 09:30:28,FB,330.07,337,buy,NASDAQ
tx_0001397,2025-06-09 09:30:33,JNJ,168.88,362,buy,NYSE
tx_0002189,2025-06-09 09:30:35,FB,331.2,691,buy,NASDAQ
tx_0002042,2025-06-09 09:30:35,PG,139.91,241,buy,NYSE
tx_0002984,2025-06-09 09:30:39,AMZN,3516.29,206,sell,NASDAQ
tx_0005502,2025-06-09 09:30:40,MCD,248.37,924,sell,NYSE
tx_0002708,2025-06-09 09:30:43,WMT,141.35,804,sell,NYSE
tx_0009791,2025-06-09 09:30:48,GOOGL,2800.87,552,buy,NASDAQ
tx_0004761,2025-06-09 09:30:51,ADBE,600.62,784,sell,NASDAQ
tx_0001886,2025-06-09 09:30:54,MSFT,300.96,502,buy,NASDAQ
tx_0008480,2025-06-09 09:30:55,JNJ,168.89,712,buy,NYSE
tx_0009314,2025-06-09 09:30:55,BRK.B,279.34,465,buy,NYSE
tx_0001106,2025-06-09 09:30:57,NVDA,198.51,788,buy,NASDAQ
tx_0007261,2025-06-09 09:31:08,GOOGL,2781.75,790,buy,NASDAQ
tx_0008553,2025-06-09 09:31:10,PYPL,250.9,987,buy,NASDAQ
tx_0001303,2025-06-09 09:31:11,DIS,178.62,534,sell,NYSE
tx_0009096,2025-06-09 09:31:13,FB,327.22,370,buy,NASDAQ
tx_0002313,2025-06-09 09:31:14,TSLA,700.49,380,buy,NASDAQ
tx_0009162,2025-06-09 09:31:17,FB,330.38,955,sell,NASDAQ
tx_0003943,2025-06-09 09:31:23,PEP,149.52,265,sell,NYSE
tx_0006897,2025-06-09 09:31:24,DIS,178.33,634,buy,NYSE
tx_0002454,2025-06-09 09:31:24,MCD,248.8,292,buy,NYSE
tx_0001609,2025-06-09 09:31:24,PYPL,251.07,776,buy,NASDAQ
tx_0007188,2025-06-09 09:31:26,PEP,151.18,368,buy,NYSE
tx_0002680,2025-06-09 09:31:28,JNJ,170.08,712,,NYSE
tx_0004574,2025-06-09 09:31:30,MA,348.47,932,sell,NYSE
tx_0008571,2025-06-09 09:31:32,AMZN,3485.94,445,sell,NASDAQ
tx_0005677,2025-06-09 09:31:36,AAPL,148.75,129,sell,NASDAQ
tx_0006602,2025-06-09 09:31:36,PG,139.38,756,buy,NYSE
tx_0000458,2025-06-09 09:31:38,V,220.66,248,buy,NYSE
tx_0007851,2025-06-09 09:31:39,TSLA,697.4,760,buy,NASDAQ
tx_0002346,2025-06-09 09:31:39,BRK.B,280.22,435,buy,NYSE
tx_0006053,2025-06-09 09:31:41,KO,54.46,513,buy,NYSE
tx_0007927,2025-06-09 09:31:44,FB,326.88,532,buy,NASDAQ
tx_0005079,2025-06-09 09:31:51,KO,55.22,295,buy,NYSE
tx_0007584,2025-06-09 09:31:51,ADBE,597.74,726,sell,NASDAQ
tx_0008794,2025-06-09 09:31:52,FB,329.5,983,sell,NASDAQ
tx_0000220,2025-06-09 09:31:54,PYPL,251.03,856,sell,NASDAQ
tx_0000009,2025-06-09 09:31:55,FB,328.9,127,sell,NASDAQ
tx_0008162,2025-06-09 09:31:57,GOOGL,2796.93,907,sell,
tx_0009963,2025-06-09 09:31:57,TSLA,699.99,855,sell,NASDAQ
tx_0008573,2025-06-09 09:32:00,PG,138.88,636,sell,NYSE
tx_0006442,2025-06-09 09:32:00,NFLX,499.77,320,buy,NASDAQ
tx_0003880,2025-06-09 09:32:04,PG,140.03,994,sell,NYSE
tx_0006795,2025-06-09 09:32:05,ADBE,596.36,714,sell,NASDAQ
tx_0003423,2025-06-09 09:32:05,AAPL,151.27,499,buy,NASDAQ
tx_0005574,2025-06-09 09:32:08,GOOGL,2770.44,376,sell,NASDAQ
tx_0003404,2025-06-09 09:32:10,GOOGL,2792.24,336,sell,NASDAQ
tx_0002506,2025-06-09 09:32:11,MCD,251.5,677,sell,NYSE
tx_0001499,2025-06-09 09:32:20,ADBE,596.09,570,buy,NASDAQ
tx_0009651,2025-06-09 09:32:23,PYPL,250.41,571,buy,NASDAQ
tx_0002420,2025-06-09 09:32:25,FB,,522,buy,NASDAQ
tx_0002759,2025-06-09 09:32:31,PYPL,253.42,965,buy,NASDAQ
tx_0004117,2025-06-09 09:32:31,MSFT,300.34,531,sell,NASDAQ
tx_0003386,2025-06-09 09:32:32,NVDA,201.51,101,sell,NASDAQ
tx_0001049,2025-06-09 09:32:35,DIS,178.7,729,buy,NYSE
tx_0007400,2025-06-09 09:32:40,GOOGL,2808.36,832,buy,NASDAQ
tx_0005308,2025-06-09 09:32:41,ADBE,599.05,773,buy,NASDAQ
tx_0004672,2025-06-09 09:32:42,MCD,253.09,402,sell,NYSE
tx_0009439,2025-06-09 09:32:42,KO,55.42,312,buy,NYSE
tx_0001152,2025-06-09 09:32:43,ADBE,596.12,794,buy,NASDAQ
tx_0002433,2025-06-09 09:32:43,JNJ,168.68,120,sell,NYSE
tx_0005454,2025-06-09 09:32:46,PYPL,252.77,285,sell,NASDAQ
tx_0001565,2025-06-09 09:32:46,BRK.B,280.19,381,sell,NYSE
tx_0003264,2025-06-09 09:32:50,PYPL,252.72,667,sell,NASDAQ
tx_0001355,2025-06-09 09:32:50,V,220.61,811,buy,NYSE
tx_0005767,2025-06-09 09:32:52,BRK.B,280.6,111,sell,NYSE
tx_0009109,2025-06-09 09:32:55,PYPL,253.14,439,buy,NASDAQ
tx_0000917,2025-06-09 09:32:56,TSLA,696.5,251,sell,NASDAQ
tx_0009275,2025-06-09 09:32:57,V,220.04,773,buy,NYSE
tx_0002374,2025-06-09 09:32:57,ADBE,598.96,623,sell,NASDAQ
tx_0003318,2025-06-09 09:32:58,GOOGL,2802.1,293,sell,NASDAQ
tx_0006580,2025-06-09 09:33:00,AMZN,3506.6,854,sell,NASDAQ
tx_0004984,2025-06-09 09:33:11,NFLX,503.99,450,sell,NASDAQ
tx_0003432,2025-06-09 09:33:12,GOOGL,2778.69,225,buy,NASDAQ
tx_0003400,2025-06-09 09:33:12,FB,331.92,301,sell,NASDAQ
tx_0001086,2025-06-09 09:33:17,NFLX,501.19,725,sell,NASDAQ
tx_0001564,2025-06-09 09:33:19,MSFT,300.02,999,sell,NASDAQ
tx_0005198,2025-06-09 09:33:22,DIS,178.92,527,buy,NYSE
tx_0007658,2025-06-09 09:33:24,PYPL,252.17,689,buy,
tx_0002899,2025-06-09 09:33:24,FB,329.04,472,buy,NASDAQ
tx_0006990,2025-06-09 09:33:25,TSLA,694.74,472,buy,NASDAQ
tx_0003295,2025-06-09 09:33:25,GOOGL,2783.18,560,buy,NASDAQ
tx_0000089,2025-06-09 09:33:28,NVDA,200.95,510,buy,NASDAQ
tx_0005045,2025-06-09 09:33:29,FB,328.1,341,sell,NASDAQ
tx_0007928,2025-06-09 09:33:35,BRK.B,280.03,724,buy,NYSE
tx_0001944,2025-06-09 09:33:35,AMZN,3510.41,311,buy,NASDAQ
tx_0000254,2025-06-09 09:33:43,PG,138.25,989,buy,NYSE
tx_0007675,2025-06-09 09:33:47,JNJ,167.59,551,sell,NYSE
tx_0002993,2025-06-09 09:33:49,BRK.B,281.87,994,buy,NYSE
tx_0007932,2025-06-09 09:33:51,GOOGL,2770.19,764,buy,NASDAQ
tx_0009917,2025-06-09 09:33:51,KO,55.27,545,buy,NYSE
tx_0002729,2025-06-09 09:33:54,PYPL,251.66,186,buy,NASDAQ
tx_0009462,2025-06-09 09:33:55,PEP,150.75,649,sell,NYSE
tx_0004002,2025-06-09 09:33:57,MSFT,299.39,551,buy,NASDAQ
tx_0009232,2025-06-09 09:33:58,PG,139.42,156,buy,NYSE
tx_0002688,2025-06-09 09:34:02,MA,347.23,520,buy,NYSE
tx_0003772,2025-06-09 09:34:06,WMT,140.92,610,buy,NYSE
tx_0005471,2025-06-09 09:34:06,GOOGL,2789.9,982,buy,NASDAQ
tx_0007332,2025-06-09 09:34:11,JNJ,168.31,672,sell,NYSE
tx_0006542,2025-06-09 09:34:13,TSLA,701.12,609,buy,NASDAQ
tx_0004683,2025-06-09 09:34:15,PG,139.63,936,buy,NYSE
tx_0003307,2025-06-09 09:34:16,NVDA,198.46,422,sell,NASDAQ
tx_0003117,2025-06-09 09:34:17,V,220.62,811,buy,NYSE
tx_0007036,2025-06-09 09:34:17,AAPL,149.3,888,buy,NASDAQ
tx_0006327,2025-06-09 09:34:21,KO,55.12,380,buy,NYSE
tx_0001040,2025-06-09 09:34:22,ADBE,603.29,292,sell,NASDAQ
tx_0001770,2025-06-09 09:34:23,MCD,253.67,864,sell,NYSE
tx_0007488,2025-06-09 09:34:24,DIS,181.17,748,sell,NYSE
tx_0009013,2025-06-09 09:34:27,AMZN,3504.68,324,sell,NASDAQ
tx_0004305,2025-06-09 09:34:34,PEP,149.47,602,sell,NYSE
tx_0004053,2025-06-09 09:34:34,TSLA,690.72,340,buy,NASDAQ
tx_0000950,2025-06-09 09:34:34,NFLX,502.98,179,sell,NASDAQ
tx_0003582,2025-06-09 09:34:35,KO,55.06,263,sell,NYSE
tx_0001507,2025-06-09 09:34:39,PEP,149.09,238,sell,NYSE
tx_0006705,2025-06-09 09:34:40,KO,54.42,419,sell,NYSE
tx_0007025,2025-06-09 09:34:40,DIS,181.33,993,buy,NYSE
tx_0004434,2025-06-09 09:34:42,WMT,139.35,481,sell,NYSE
tx_0008046,2025-06-09 09:34:44,WMT,140.18,968,buy,NYSE
tx_0005878,2025-06-09 09:34:49,MA,348.61,317,buy,NYSE
tx_0007648,2025-06-09 09:34:49,JNJ,168.51,238,buy,NYSE
tx_0003424,2025-06-09 09:34:50,MA,346.96,926,sell,NYSE
tx_0008370,2025-06-09 09:34:52,KO,55.03,344,sell,NYSE
tx_0004836,2025-06-09 09:34:54,NVDA,202.05,212,sell,NASDAQ
tx_0005426,2025-06-09 09:34:57,PYPL,251.1,314,sell,NASDAQ
tx_0003605,2025-06-09 09:35:01,MSFT,300.19,645,sell,NASDAQ
tx_0003152,2025-06-09 09:35:01,BRK.B,280.13,157,buy,NYSE
tx_0000041,2025-06-09 09:35:01,MCD,250.45,235,buy,NYSE
tx_0009955,2025-06-09 09:35:03,NFLX,501.61,547,sell,NASDAQ
tx_0007963,2025-06-09 09:35:04,NFLX,505.97,755,buy,NASDAQ
tx_0003867,2025-06-09 09:35:04,WMT,140.73,802,sell,NYSE
tx_0002226,2025-06-09 09:35:04,V,220.73,903,sell,NYSE
tx_0001005,2025-06-09 09:35:19,V,219.48,332,buy,NYSE
tx_0005934,2025-06-09 09:35:22,MSFT,300.4,223,buy,NASDAQ
tx_0002621,2025-06-09 09:35:25,MCD,255.04,306,sell,NYSE
tx_0001309,2025-06-09 09:35:26,MA,350.41,954,sell,NYSE
tx_0009499,2025-06-09 09:35:31,KO,55.1,504,sell,NYSE
tx_0002213,2025-06-09 09:35:31,KO,54.61,663,sell,NYSE
tx_0008149,2025-06-09 09:35:32,KO,54.3,179,buy,NYSE
tx_0003932,2025-06-09 09:35:34,JNJ,170.77,756,sell,NYSE
tx_0009416,2025-06-09 09:35:37,MSFT,300.72,519,sell,NASDAQ
tx_0007650,2025-06-09 09:35:48,TSLA,687.22,293,buy,NASDAQ
tx_0002388,2025-06-09 09:35:49,PG,139.43,202,sell,NYSE
tx_0003525,2025-06-09 09:35:55,NVDA,199.7,423,sell,NASDAQ
tx_0003126,2025-06-09 09:35:55,PG,140.91,476,buy,NYSE
tx_0007600,2025-06-09 09:35:56,MA,352.08,118,buy,NYSE
tx_0004028,2025-06-09 09:35:56,DIS,181.94,142,sell,NYSE
tx_0007289,2025-06-09 09:35:57,PYPL,250.57,543,buy,NASDAQ
tx_0004875,2025-06-09 09:35:57,BRK.B,280.83,171,buy,NYSE
tx_0002595,2025-06-09 09:36:00,PG,140.28,294,buy,NYSE
tx_0008839,2025-06-09 09:36:03,MSFT,296.25,940,sell,NASDAQ
tx_0001409,2025-06-09 09:36:04,AMZN,3527.05,499,sell,NASDAQ
tx_0000841,2025-06-09 09:36:04,AAPL,150.05,400,buy,NASDAQ
tx_0004384,2025-06-09 09:36:14,PG,139.54,604,sell,NYSE
tx_0006331,2025-06-09 09:36:18,WMT,139.45,268,sell,NYSE
tx_0003168,2025-06-09 09:36:20,MA,347.11,407,sell,NYSE
tx_0003850,2025-06-09 09:36:22,DIS,179.73,597,sell,NYSE
tx_0003721,2025-06-09 09:36:23,ADBE,605.46,697,sell,NASDAQ
tx_0004975,2025-06-09 09:36:24,WMT,138.58,781,sell,NYSE
tx_0005534,2025-06-09 09:36:25,FB,329.38,348,sell,NASDAQ
tx_0004854,2025-06-09 09:36:25,DIS,181.64,467,sell,NYSE
tx_0004941,2025-06-09 09:36:30,WMT,138.52,788,sell,NYSE
tx_0000351,2025-06-09 09:36:31,PYPL,254.82,388,buy,NASDAQ
tx_0007074,2025-06-09 09:36:32,MA,346.42,873,buy,NYSE
tx_0001744,2025-06-09 09:36:34,ADBE,598.97,152,sell,NASDAQ
tx_0005991,2025-06-09 09:36:34,MA,352.47,973,buy,NYSE
tx_0002522,2025-06-09 09:36:35,KO,,351,buy,NYSE
tx_0006773,2025-06-09 09:36:37,JNJ,170.48,299,sell,NYSE
tx_0000969,2025-06-09 09:36:37,ADBE,605.45,500,sell,NASDAQ
tx_0000253,2025-06-09 09:36:38,WMT,139.86,105,sell,NYSE
tx_0007985,2025-06-09 09:36:39,WMT,140.8,884,sell,NYSE
tx_0001652,2025-06-09 09:36:41,NVDA,198.84,373,sell,NASDAQ
tx_0007867,2025-06-09 09:36:43,ADBE,604.19,523,buy,NASDAQ
tx_0007560,2025-06-09 09:36:43,NVDA,198.29,354,sell,NASDAQ
tx_0003184,2025-06-09 09:36:44,DIS,179.37,449,buy,NYSE
tx_0002489,2025-06-09 09:36:44,MCD,252.84,307,sell,NYSE
tx_0009261,2025-06-09 09:36:46,DIS,179.13,843,buy,NYSE
tx_0000913,2025-06-09 09:36:46,AMZN,3493.09,215,sell,NASDAQ
tx_0002125,2025-06-09 09:36:47,AAPL,150.08,242,sell,NASDAQ
tx_0002487,2025-06-09 09:36:54,MA,347.5,401,sell,NYSE
tx_0005358,2025-06-09 09:36:56,KO,55.1,570,buy,NYSE
tx_0007311,2025-06-09 09:37:00,AMZN,3546.4,199,buy,NASDAQ
tx_0008254,2025-06-09 09:37:00,TSLA,688.13,302,buy,NASDAQ
tx_0006014,2025-06-09 09:37:05,MCD,255.54,842,sell,NYSE
tx_0000596,2025-06-09 09:37:06,ADBE,608.46,735,sell,NASDAQ
tx_0009891,2025-06-09 09:37:10,TSLA,,452,buy,NASDAQ
tx_0006807,2025-06-09 09:37:10,MSFT,298.03,192,sell,NASDAQ
tx_0007568,2025-06-09 09:37:14,WMT,139.52,238,buy,NYSE
tx_0004210,2025-06-09 09:37:17,DIS,179.84,154,sell,NYSE
tx_0008309,2025-06-09 09:37:18,WMT,139.05,724,sell,NYSE
tx_0004357,2025-06-09 09:37:18,PG,139.42,476,sell,NYSE
tx_0009684,2025-06-09 09:37:18,PYPL,254.66,699,sell,NASDAQ
tx_0000330,2025-06-09 09:37:23,WMT,139.92,103,buy,NYSE
tx_0006830,2025-06-09 09:37:25,TSLA,691.26,820,sell,NASDAQ
tx_0001796,2025-06-09 09:37:25,NFLX,501.15,972,sell,NASDAQ
tx_0004214,2025-06-09 09:37:31,V,220.41,625,buy,NYSE
tx_0001606,2025-06-09 09:37:31,TSLA,690.76,207,buy,NASDAQ
tx_0006136,2025-06-09 09:37:36,MA,347.34,751,sell,NYSE
tx_0007168,2025-06-09 09:37:40,AMZN,3472.82,869,sell,NASDAQ
tx_0003249,2025-06-09 09:37:45,MA,351.7,306,sell,NYSE
tx_0006883,2025-06-09 09:37:46,PEP,149.46,548,buy,NYSE
tx_0003159,2025-06-09 09:37:49,GOOGL,2772.79,755,buy,NASDAQ
tx_0006862,2025-06-09 09:37:49,PEP,147.48,890,buy,NYSE
tx_0003911,2025-06-09 09:37:50,AAPL,149.28,615,buy,NASDAQ
tx_0007159,2025-06-09 09:37:51,PEP,148.78,155,sell,NYSE
tx_0009673,2025-06-09 09:37:55,MSFT,298.83,206,buy,NASDAQ
tx_0006257,2025-06-09 09:37:57,PYPL,252.41,854,sell,NASDAQ
tx_0003995,2025-06-09 09:37:58,BRK.B,277.41,443,sell,NYSE
tx_0008874,2025-06-09 09:37:59,NFLX,504.04,167,buy,NASDAQ
tx_0001653,2025-06-09 09:38:02,V,219.82,716,buy,NYSE
tx_0002000,2025-06-09 09:38:08,WMT,142.06,211,buy,NYSE
tx_0006932,2025-06-09 09:38:11,MA,351.43,566,buy,NYSE
tx_0006241,2025-06-09 09:38:12,NVDA,200.43,482,sell,NASDAQ
tx_0000616,2025-06-09 09:38:13,ADBE,605.97,467,sell,NASDAQ
tx_0003498,2025-06-09 09:38:15,AMZN,3464.28,754,sell,NASDAQ
tx_0008856,2025-06-09 09:38:18,V,218.97,550,buy,NYSE
tx_0002013,2025-06-09 09:38:18,JNJ,169.72,834,sell,NYSE
tx_0000038,2025-06-09 09:38:22,NFLX,506.25,874,sell,NASDAQ
tx_0003504,2025-06-09 09:38:22,PG,137.78,166,sell,NYSE
tx_0003487,2025-06-09 09:38:27,ADBE,600.86,474,sell,NASDAQ
tx_0009467,2025-06-09 09:38:28,GOOGL,2741.99,825,sell,NASDAQ
tx_0008966,2025-06-09 09:38:29,MCD,253.21,627,sell,NYSE
tx_0005873,2025-06-09 09:38:31,MCD,252.53,354,buy,NYSE
tx_0005552,2025-06-09 09:38:34,NFLX,506.99,989,sell,NASDAQ
tx_0001998,2025-06-09 09:38:35,MSFT,294.98,623,buy,NASDAQ
tx_0000691,2025-06-09 09:38:38,NFLX,501.86,727,sell,NASDAQ
tx_0002109,2025-06-09 09:38:39,KO,54.34,245,buy,NYSE
tx_0007992,2025-06-09 09:38:41,V,217.3,180,buy,NYSE
tx_0000523,2025-06-09 09:38:45,PG,137.6,886,sell,NYSE
tx_0008078,2025-06-09 09:38:45,KO,55.12,351,buy,NYSE
tx_0005902,2025-06-09 09:38:45,AAPL,149.99,836,sell,NASDAQ
tx_0001391,2025-06-09 09:38:49,NFLX,505.04,604,sell,NASDAQ
tx_0008534,2025-06-09 09:38:51,BRK.B,272.73,441,sell,NYSE
tx_0005170,2025-06-09 09:38:54,TSLA,694.23,713,buy,NASDAQ
tx_0002008,2025-06-09 09:38:59,DIS,182.62,935,buy,NYSE
tx_0007009,2025-06-09 09:39:01,PYPL,251.05,351,buy,NASDAQ
tx_0004539,2025-06-09 09:39:02,NFLX,500.63,499,sell,NASDAQ
tx_0002386,2025-06-09 09:39:09,WMT,140.55,396,buy,NYSE
tx_0003187,2025-06-09 09:39:12,DIS,182.64,513,sell,NYSE
tx_0005812,2025-06-09 09:39:19,PEP,147.98,231,buy,NYSE
tx_0000328,2025-06-09 09:39:20,PYPL,251.9,996,buy,NASDAQ
tx_0009192,2025-06-09 09:39:23,V,220.52,745,sell,NYSE
tx_0004546,2025-06-09 09:39:24,GOOGL,2781.51,708,sell,NASDAQ
tx_0009312,2025-06-09 09:39:28,KO,54.97,835,sell,NYSE
tx_0008556,2025-06-09 09:39:32,GOOGL,2741.44,459,buy,NASDAQ
tx_0000575,2025-06-09 09:39:39,NVDA,201.78,862,buy,NASDAQ
tx_0006404,2025-06-09 09:39:40,PEP,147.87,555,sell,NYSE
tx_0008217,2025-06-09 09:39:41,PYPL,251.06,979,sell,NASDAQ
tx_0002847,2025-06-09 09:39:46,GOOGL,2740.75,131,sell,NASDAQ
tx_0006945,2025-06-09 09:39:51,FB,328.61,545,buy,NASDAQ
tx_0002231,2025-06-09 09:39:54,NVDA,199.58,584,sell,NASDAQ
tx_0006823,2025-06-09 09:39:56,PEP,147.63,426,buy,NYSE
tx_0007201,2025-06-09 09:39:57,PYPL,254.33,677,buy,NASDAQ
tx_0004178,2025-06-09 09:39:58,ADBE,607.76,317,sell,NASDAQ
tx_0006284,2025-06-09 09:39:59,FB,331.13,327,sell,NASDAQ
tx_0001651,2025-06-09 09:40:00,TSLA,689.42,285,buy,NASDAQ
tx_0008417,2025-06-09 09:40:01,KO,54.23,253,buy,NYSE
tx_0002582,2025-06-09 09:40:02,PYPL,250.88,270,buy,NASDAQ
tx_0008326,2025-06-09 09:40:03,PG,139.56,377,buy,NYSE
tx_0002706,2025-06-09 09:40:05,PG,139.63,899,buy,NYSE
tx_0004719,2025-06-09 09:40:11,GOOGL,2742.93,580,buy,NASDAQ
tx_0005804,2025-06-09 09:40:13,NFLX,502.8,240,buy,NASDAQ
tx_0008550,2025-06-09 09:40:15,NVDA,198.32,460,sell,NASDAQ
tx_0007701,2025-06-09 09:40:21,KO,55.09,559,sell,NYSE
tx_0002889,2025-06-09 09:40:21,GOOGL,2732.8,507,buy,NASDAQ
tx_0003288,2025-06-09 09:40:22,MCD,255.71,767,buy,NYSE
tx_0006222,2025-06-09 09:40:22,KO,54.73,546,buy,NYSE
tx_0008329,2025-06-09 09:40:23,BRK.B,274.23,229,sell,NYSE
tx_0009697,2025-06-09 09:40:24,MA,350.81,144,sell,NYSE
tx_0004109,2025-06-09 09:40:24,ADBE,604.41,986,sell,NASDAQ
tx_0001102,2025-06-09 09:40:30,ADBE,601.97,148,buy,NASDAQ
tx_0004287,2025-06-09 09:40:33,PEP,149.45,722,sell,NYSE
tx_0003574,2025-06-09 09:40:36,NFLX,505.36,981,buy,NASDAQ
tx_0004694,2025-06-09 09:40:37,TSLA,694.64,650,buy,NASDAQ
tx_0000862,2025-06-09 09:40:42,PYPL,254.02,459,buy,NASDAQ
tx_0009151,2025-06-09 09:40:42,PEP,146.77,515,buy,NYSE
tx_0000083,2025-06-09 09:40:45,MSFT,299.02,594,sell,NASDAQ
tx_0002236,2025-06-09 09:40:46,DIS,181.64,866,sell,NYSE
tx_0006176,2025-06-09 09:40:46,JNJ,168.56,185,sell,NYSE
tx_0004135,2025-06-09 09:40:47,ADBE,605.35,491,buy,NASDAQ
tx_0001735,2025-06-09 09:40:47,FB,328.74,673,buy,NASDAQ
tx_0002893,2025-06-09 09:40:48,BRK.B,274.43,604,sell,NYSE
tx_0009836,2025-06-09 09:40:49,PEP,149.22,520,sell,NYSE
tx_0004871,2025-06-09 09:40:55,PYPL,254.47,940,sell,NASDAQ
tx_0007784,2025-06-09 09:40:55,MSFT,295.02,430,buy,NASDAQ
tx_0008604,2025-06-09 09:40:58,ADBE,599.47,564,buy,NASDAQ
tx_0006006,2025-06-09 09:40:59,BRK.B,276.1,272,buy,NYSE
tx_0003550,2025-06-09 09:40:59,GOOGL,2774.97,262,sell,NASDAQ
tx_0004411,2025-06-09 09:41:02,PYPL,252.23,423,buy,NASDAQ
tx_0004363,2025-06-09 09:41:17,TSLA,692.58,733,buy,NASDAQ
tx_0004644,2025-06-09 09:41:18,V,219.87,837,buy,NYSE
tx_0001616,2025-06-09 09:41:21,NVDA,199.79,405,buy,NASDAQ
tx_0000503,2025-06-09 09:41:23,NFLX,506.29,593,buy,NASDAQ
tx_0000561,2025-06-09 09:41:25,GOOGL,2739.97,688,sell,NASDAQ
tx_0000130,2025-06-09 09:41:26,AMZN,3537.65,407,sell,NASDAQ
tx_0001415,2025-06-09 09:41:33,NVDA,199.65,261,sell,NASDAQ
tx_0004376,2025-06-09 09:41:34,V,217.45,647,buy,NYSE
tx_0008572,2025-06-09 09:41:34,DIS,181.15,147,sell,NYSE
tx_0008009,2025-06-09 09:41:37,TSLA,696.81,147,buy,NASDAQ
tx_0003312,2025-06-09 09:41:43,WMT,142.16,456,sell,NYSE
tx_0002238,2025-06-09 09:41:45,KO,55.12,121,buy,NYSE
tx_0005303,2025-06-09 09:41:50,PG,138.54,621,buy,NYSE
tx_0008357,2025-06-09 09:41:53,JNJ,170.98,469,buy,NYSE
tx_0009363,2025-06-09 09:41:56,MA,,438,sell,NYSE
tx_0006491,2025-06-09 09:42:02,NFLX,497.78,969,buy,NASDAQ
tx_0008935,2025-06-09 09:42:03,PEP,148.04,400,sell,NYSE
tx_0003062,2025-06-09 09:42:06,NVDA,199.46,915,buy,NASDAQ
tx_0003691,2025-06-09 09:42:20,MCD,251.87,319,sell,NYSE
tx_0006946,2025-06-09 09:42:26,PYPL,251.9,991,sell,NASDAQ
tx_0004829,2025-06-09 09:42:29,TSLA,704.46,397,buy,NASDAQ
tx_0009470,2025-06-09 09:42:33,KO,54.4,310,sell,NYSE
tx_0003029,2025-06-09 09:42:33,GOOGL,2764.29,842,buy,NASDAQ
tx_0005287,2025-06-09 09:42:36,ADBE,607.92,736,sell,NASDAQ
tx_0004156,2025-06-09 09:42:39,WMT,140.48,104,buy,NYSE
tx_0008344,2025-06-09 09:42:42,WMT,141.58,676,sell,NYSE
tx_0000834,2025-06-09 09:42:42,ADBE,602.66,630,sell,NASDAQ
tx_0006849,2025-06-09 09:42:42,PG,136.93,779,buy,NYSE
tx_0007523,2025-06-09 09:42:48,FB,326.33,829,buy,NASDAQ
tx_0002171,2025-06-09 09:42:48,KO,54.49,940,sell,NYSE
tx_0007473,2025-06-09 09:42:53,WMT,140.14,709,buy,NYSE
tx_0003138,2025-06-09 09:42:55,BRK.B,278.09,499,buy,NYSE
tx_0004822,2025-06-09 09:42:59,PEP,147.95,804,sell,NYSE
tx_0002929,2025-06-09 09:43:05,TSLA,704.04,956,sell,NASDAQ
tx_0006194,2025-06-09 09:43:05,WMT,141.15,973,buy,NYSE
tx_0007498,2025-06-09 09:43:07,FB,325.02,540,sell,NASDAQ
tx_0004804,2025-06-09 09:43:10,GOOGL,2786.51,323,sell,NASDAQ
tx_0002201,2025-06-09 09:43:14,BRK.B,278.37,184,buy,NYSE
tx_0007646,2025-06-09 09:43:15,AAPL,148.93,540,buy,NASDAQ
tx_0000373,2025-06-09 09:43:15,DIS,180.73,868,sell,NYSE
tx_0005382,2025-06-09 09:43:16,AAPL,148.64,171,buy,NASDAQ
tx_0009496,2025-06-09 09:43:18,PEP,148.32,705,sell,NYSE
tx_0001313,2025-06-09 09:43:22,MA,347.6,952,buy,NYSE
tx_0000165,2025-06-09 09:43:24,JNJ,170.05,426,buy,NYSE
tx_0009446,2025-06-09 09:43:27,MSFT,297.11,566,buy,NASDAQ
tx_0000863,2025-06-09 09:43:28,AMZN,3572.44,166,buy,
tx_0009181,2025-06-09 09:43:29,PYPL,251.96,182,buy,NASDAQ
tx_0005726,2025-06-09 09:43:35,NVDA,198.51,108,sell,NASDAQ
tx_0005953,2025-06-09 09:43:36,NVDA,199.61,268,buy,NASDAQ
tx_0002822,2025-06-09 09:43:38,MSFT,294.59,183,buy,NASDAQ
tx_0000084,2025-06-09 09:43:41,MSFT,297.74,962,buy,NASDAQ
tx_0008136,2025-06-09 09:43:51,PG,137.02,138,buy,NYSE
tx_0003560,2025-06-09 09:43:51,PG,137.25,703,buy,NYSE
tx_0003962,2025-06-09 09:43:54,WMT,139.8,695,buy,NYSE
tx_0000711,2025-06-09 09:43:55,MCD,252.0,774,buy,
tx_0004700,2025-06-09 09:43:58,KO,54.89,423,sell,NYSE
tx_0009878,2025-06-09 09:44:00,PG,137.26,854,buy,NYSE
tx_0002049,2025-06-09 09:44:01,AMZN,3553.91,390,buy,NASDAQ
tx_0005050,2025-06-09 09:44:05,BRK.B,276.19,177,buy,NYSE
tx_0008366,2025-06-09 09:44:07,MCD,251.15,813,buy,NYSE
tx_0000546,2025-06-09 09:44:08,FB,327.6,717,sell,NASDAQ
tx_0002002,2025-06-09 09:44:10,PYPL,252.0,543,buy,NASDAQ
tx_0002094,2025-06-09 09:44:11,MCD,250.73,271,sell,NYSE
tx_0002995,2025-06-09 09:44:14,NFLX,502.31,715,buy,NASDAQ
tx_0001763,2025-06-09 09:44:20,BRK.B,274.37,392,sell,NYSE
tx_0008443,2025-06-09 09:44:21,KO,54.83,129,,NYSE
tx_0004648,2025-06-09 09:44:27,PEP,148.11,180,sell,NYSE
tx_0002309,2025-06-09 09:44:30,MSFT,295.45,808,sell,NASDAQ
tx_0007218,2025-06-09 09:44:32,ADBE,604.92,773,sell,NASDAQ
tx_0006708,2025-06-09 09:44:34,PYPL,249.15,964,sell,NASDAQ
tx_0001584,2025-06-09 09:44:43,KO,54.41,232,buy,NYSE
tx_0009101,2025-06-09 09:44:44,DIS,184.03,197,sell,NYSE
tx_0001601,2025-06-09 09:44:44,AMZN,3555.02,992,sell,NASDAQ
tx_0000186,2025-06-09 09:44:45,JNJ,,278,sell,NYSE
tx_0002868,2025-06-09 09:44:49,GOOGL,2744.84,884,sell,NASDAQ
tx_0004909,2025-06-09 09:44:49,WMT,140.53,238,sell,NYSE
tx_0000250,2025-06-09 09:44:54,WMT,141.75,837,sell,NYSE
tx_0002053,2025-06-09 09:44:56,BRK.B,272.1,851,buy,NYSE
tx_0005938,2025-06-09 09:45:00,NVDA,201.1,226,buy,NASDAQ
tx_0005243,2025-06-09 09:45:02,WMT,141.09,665,sell,NYSE
tx_0001657,2025-06-09 09:45:05,MA,349.96,244,sell,NYSE
tx_0006749,2025-06-09 09:45:10,MSFT,297.69,478,sell,NASDAQ
tx_0003274,2025-06-09 09:45:12,MSFT,293.84,835,sell,NASDAQ
tx_0002545,2025-06-09 09:45:13,KO,54.19,330,sell,NYSE
tx_0005397,2025-06-09 09:45:13,MCD,251.26,963,sell,NYSE
tx_0000938,2025-06-09 09:45:18,MSFT,293.18,690,sell,NASDAQ
tx_0005597,2025-06-09 09:45:18,PG,137.57,293,sell,NYSE
tx_0002992,2025-06-09 09:45:23,PYPL,249.38,446,sell,NASDAQ
tx_0003302,2025-06-09 09:45:25,GOOGL,2750.61,117,sell,NASDAQ
tx_0002795,2025-06-09 09:45:25,FB,327.43,601,buy,NASDAQ
tx_0006998,2025-06-09 09:45:27,PEP,147.32,109,sell,NYSE
tx_0004931,2025-06-09 09:45:30,NFLX,501.1,669,buy,NASDAQ
tx_0003503,2025-06-09 09:45:31,NVDA,197.51,945,buy,NASDAQ
tx_0003381,2025-06-09 09:45:31,JNJ,170.82,691,buy,NYSE
tx_0002878,2025-06-09 09:45:32,KO,54.75,617,sell,NYSE
tx_0008865,2025-06-09 09:45:36,AAPL,147.9,107,sell,NASDAQ
tx_0000527,2025-06-09 09:45:51,MSFT,294.13,319,buy,NASDAQ
tx_0000287,2025-06-09 09:45:55,WMT,140.81,447,sell,NYSE
tx_0003053,2025-06-09 09:45:55,PYPL,251.82,982,sell,NASDAQ
tx_0009337,2025-06-09 09:45:58,FB,326.99,326,buy,NASDAQ
tx_0006216,2025-06-09 09:45:59,JNJ,171.67,908,sell,NYSE
tx_0003507,2025-06-09 09:46:10,DIS,181.41,741,sell,NYSE
tx_0009356,2025-06-09 09:46:10,FB,330.29,999,buy,NASDAQ
tx_0008642,2025-06-09 09:46:11,GOOGL,2757.57,857,sell,NASDAQ
tx_0002471,2025-06-09 09:46:12,TSLA,698.45,215,sell,NASDAQ
tx_0000702,2025-06-09 09:46:16,FB,330.13,664,sell,NASDAQ
tx_0003156,2025-06-09 09:46:20,FB,330.53,848,sell,NASDAQ
tx_0000430,2025-06-09 09:46:23,MSFT,293.87,447,buy,NASDAQ
tx_0001743,2025-06-09 09:46:25,FB,328.41,878,buy,NASDAQ
tx_0007254,2025-06-09 09:46:25,FB,329.34,476,buy,NASDAQ
tx_0004469,2025-06-09 09:46:25,PEP,148.04,303,sell,NYSE
tx_0002052,2025-06-09 09:46:29,NVDA,198.78,898,buy,NASDAQ
tx_0001385,2025-06-09 09:46:36,PYPL,250.87,398,sell,NASDAQ
tx_0004056,2025-06-09 09:46:36,TSLA,701.41,699,sell,NASDAQ
tx_0009351,2025-06-09 09:46:37,PYPL,250.81,382,buy,NASDAQ
tx_0004868,2025-06-09 09:46:38,GOOGL,2759.76,175,sell,NASDAQ
tx_0003547,2025-06-09 09:46:39,KO,53.78,933,buy,NYSE
tx_0008840,2025-06-09 09:46:39,TSLA,702.38,828,buy,NASDAQ
tx_0004669,2025-06-09 09:46:41,KO,54.12,903,buy,NYSE
tx_0000049,2025-06-09 09:46:44,JNJ,169.34,204,buy,NYSE
tx_0008419,2025-06-09 09:46:44,JNJ,168.66,307,buy,NYSE
tx_0007186,2025-06-09 09:46:45,V,219.25,960,buy,NYSE
tx_0000294,2025-06-09 09:46:46,DIS,183.6,389,sell,NYSE
tx_0002143,2025-06-09 09:46:50,DIS,184.3,445,sell,NYSE
tx_0000121,2025-06-09 09:46:51,TSLA,701.78,443,buy,NASDAQ
tx_0006971,2025-06-09 09:46:51,GOOGL,2746.33,300,sell,NASDAQ
tx_0008676,2025-06-09 09:46:55,NFLX,502.51,189,buy,NASDAQ
tx_0005419,2025-06-09 09:47:01,NFLX,502.66,809,sell,NASDAQ
tx_0008816,2025-06-09 09:47:03,AMZN,3537.8,898,sell,NASDAQ
tx_0001058,2025-06-09 09:47:04,MSFT,294.68,768,buy,NASDAQ
tx_0003941,2025-06-09 09:47:08,PG,137.27,709,buy,NYSE
tx_0007754,2025-06-09 09:47:08,PYPL,248.79,146,sell,NASDAQ
tx_0006547,2025-06-09 09:47:09,PG,138.07,671,buy,NYSE
tx_0005912,2025-06-09 09:47:12,PYPL,250.57,185,buy,NASDAQ
tx_0007436,2025-06-09 09:47:12,NFLX,500.62,805,buy,NASDAQ
tx_0002804,2025-06-09 09:47:15,V,218.25,713,sell,NYSE
tx_0004402,2025-06-09 09:47:20,NFLX,506.58,711,buy,NASDAQ
tx_0004820,2025-06-09 09:47:23,V,220.24,754,sell,NYSE
tx_0002766,2025-06-09 09:47:23,AMZN,3569.84,375,buy,NASDAQ
tx_0005734,2025-06-09 09:47:25,KO,53.69,290,sell,NYSE
tx_0002646,2025-06-09 09:47:34,ADBE,,211,sell,NASDAQ
tx_0003601,2025-06-09 09:47:36,AAPL,147.67,352,buy,NASDAQ
tx_0006359,2025-06-09 09:47:39,NVDA,197.26,949,buy,NASDAQ
tx_0007170,2025-06-09 09:47:39,KO,54.4,541,sell,NYSE
tx_0009303,2025-06-09 09:47:40,MCD,248.07,994,buy,NYSE
tx_0003805,2025-06-09 09:47:41,PG,137.6,859,buy,NYSE
tx_0000868,2025-06-09 09:47:42,MA,350.65,503,buy,NYSE
tx_0005411,2025-06-09 09:47:43,WMT,139.39,266,buy,NYSE
tx_0000971,2025-06-09 09:47:44,KO,54.22,505,buy,NYSE
tx_0009946,2025-06-09 09:47:50,BRK.B,273.52,722,buy,NYSE
tx_0007885,2025-06-09 09:47:50,MA,351.83,309,buy,NYSE
tx_0000057,2025-06-09 09:47:53,JNJ,169.8,868,buy,NYSE
tx_0007772,2025-06-09 09:47:59,MCD,249.14,792,buy,NYSE
tx_0006808,2025-06-09 09:48:01,DIS,182.07,264,buy,NYSE
tx_0000325,2025-06-09 09:48:02,MCD,248.09,719,buy,NYSE
tx_0006350,2025-06-09 09:48:04,FB,326.4,448,buy,NASDAQ
tx_0009397,2025-06-09 09:48:04,DIS,184.74,442,buy,NYSE
tx_0005239,2025-06-09 09:48:05,MA,352.37,186,sell,NYSE
tx_0002459,2025-06-09 09:48:05,PEP,,332,sell,NYSE
tx_0004713,2025-06-09 09:48:09,MCD,251.41,346,buy,NYSE
tx_0009907,2025-06-09 09:48:14,ADBE,604.6,899,sell,NASDAQ
tx_0005942,2025-06-09 09:48:19,FB,327.93,364,sell,NASDAQ
tx_0002363,2025-06-09 09:48:21,NVDA,199.86,500,buy,NASDAQ
tx_0008052,2025-06-09 09:48:22,ADBE,602.81,719,buy,NASDAQ
tx_0008118,2025-06-09 09:48:24,AMZN,3515.3,771,buy,NASDAQ
tx_0001839,2025-06-09 09:48:25,NFLX,509.38,904,buy,NASDAQ
tx_0007922,2025-06-09 09:48:29,MA,,415,sell,NYSE
tx_0009983,2025-06-09 09:48:30,TSLA,712.12,146,sell,NASDAQ
tx_0009783,2025-06-09 09:48:32,V,220.77,678,sell,NYSE
tx_0000562,2025-06-09 09:48:38,AMZN,3509.55,151,buy,NASDAQ
tx_0000342,2025-06-09 09:48:40,MA,352.14,777,buy,NYSE
tx_0009934,2025-06-09 09:48:42,WMT,138.99,383,sell,NYSE
tx_0000162,2025-06-09 09:48:44,AMZN,3513.8,187,sell,NASDAQ
tx_0004247,2025-06-09 09:48:48,KO,53.83,409,buy,NYSE
tx_0006383,2025-06-09 09:48:52,AAPL,147.86,530,buy,NASDAQ
tx_0009266,2025-06-09 09:48:56,MA,349.47,358,sell,NYSE
tx_0003552,2025-06-09 09:48:58,AMZN,3528.23,756,buy,NASDAQ
tx_0001819,2025-06-09 09:49:00,ADBE,603.17,349,buy,NASDAQ
tx_0004767,2025-06-09 09:49:05,MSFT,294.44,847,buy,NASDAQ
tx_0003102,2025-06-09 09:49:06,ADBE,598.88,805,buy,NASDAQ
tx_0006474,2025-06-09 09:49:10,PEP,145.85,747,buy,NYSE
tx_0007381,2025-06-09 09:49:13,JNJ,170.68,981,sell,NYSE
tx_0000217,2025-06-09 09:49:14,DIS,181.16,575,buy,NYSE
tx_0007226,2025-06-09 09:49:16,AAPL,148.0,197,sell,NASDAQ
tx_0000773,2025-06-09 09:49:18,BRK.B,,180,sell,NYSE
tx_0008334,2025-06-09 09:49:20,FB,324.05,933,buy,NASDAQ
tx_0006634,2025-06-09 09:49:21,GOOGL,2780.59,756,sell,NASDAQ
tx_0007454,2025-06-09 09:49:30,FB,325.36,836,buy,NASDAQ
tx_0009136,2025-06-09 09:49:31,NFLX,499.93,496,buy,NASDAQ
tx_0007183,2025-06-09 09:49:39,JNJ,168.13,883,buy,
tx_0006447,2025-06-09 09:49:42,MA,354.69,270,sell,NYSE
tx_0000155,2025-06-09 09:49:42,PG,137.31,252,buy,NYSE
tx_0008023,2025-06-09 09:49:45,TSLA,707.05,430,sell,NASDAQ
tx_0008591,2025-06-09 09:49:47,JNJ,170.86,150,sell,NYSE
tx_0004449,2025-06-09 09:49:48,PG,136.85,964,sell,NYSE
tx_0008355,2025-06-09 09:49:48,AAPL,148.39,540,buy,NASDAQ
tx_0008930,2025-06-09 09:49:51,MCD,248.23,572,sell,NYSE
tx_0008506,2025-06-09 09:49:54,PG,135.73,166,buy,NYSE
tx_0004407,2025-06-09 09:49:55,PEP,147.97,770,buy,NYSE
tx_0002603,2025-06-09 09:49:56,KO,54.22,868,buy,NYSE
tx_0002362,2025-06-09 09:50:01,NFLX,508.76,512,sell,NASDAQ
tx_0008161,2025-06-09 09:50:02,FB,325.1,954,sell,NASDAQ
tx_0000872,2025-06-09 09:50:02,BRK.B,272.69,467,buy,NYSE
tx_0004190,2025-06-09 09:50:03,ADBE,600.25,509,sell,NASDAQ
tx_0007129,2025-06-09 09:50:06,AMZN,3524.26,101,buy,NASDAQ
tx_0004658,2025-06-09 09:50:09,V,222.89,424,sell,NYSE
tx_0001041,2025-06-09 09:50:11,PG,137.46,332,sell,NYSE
tx_0000127,2025-06-09 09:50:12,FB,326.37,594,buy,NASDAQ
tx_0009842,2025-06-09 09:50:16,AAPL,149.98,662,buy,NASDAQ
tx_0008057,2025-06-09 09:50:18,MA,353.24,101,buy,NYSE
tx_0008745,2025-06-09 09:50:18,MA,350.16,188,sell,NYSE
tx_0007279,2025-06-09 09:50:19,KO,54.04,191,sell,NYSE
tx_0009890,2025-06-09 09:50:21,WMT,139.62,896,sell,NYSE
tx_0006374,2025-06-09 09:50:23,GOOGL,2743.22,175,buy,NASDAQ
tx_0004745,2025-06-09 09:50:24,FB,325.97,417,buy,NASDAQ
tx_0002634,2025-06-09 09:50:27,NFLX,504.05,757,buy,NASDAQ
tx_0000314,2025-06-09 09:50:28,PEP,145.77,611,sell,NYSE
tx_0004231,2025-06-09 09:50:30,PEP,146.01,638,sell,NYSE
tx_0002249,2025-06-09 09:50:39,WMT,141.86,947,sell,NYSE
tx_0003039,2025-06-09 09:50:39,PYPL,251.21,323,buy,NASDAQ
tx_0004902,2025-06-09 09:50:40,NVDA,201.36,389,buy,NASDAQ
tx_0007575,2025-06-09 09:50:42,GOOGL,2753.35,123,buy,NASDAQ
tx_0009821,2025-06-09 09:50:46,NFLX,508.54,346,sell,NASDAQ
tx_0006187,2025-06-09 09:50:46,WMT,139.63,846,buy,NYSE
tx_0002151,2025-06-09 09:50:47,PEP,145.07,858,sell,NYSE
tx_0002266,2025-06-09 09:50:48,MA,353.53,756,sell,NYSE
tx_0002112,2025-06-09 09:50:48,GOOGL,2746.87,330,buy,
tx_0000674,2025-06-09 09:50:48,MA,349.7,410,sell,NYSE
tx_0002342,2025-06-09 09:50:49,JNJ,171.01,478,sell,NYSE
tx_0008302,2025-06-09 09:51:02,PG,135.38,842,buy,NYSE
tx_0003748,2025-06-09 09:51:03,MSFT,295.51,379,buy,NASDAQ
tx_0009985,2025-06-09 09:51:05,V,221.96,309,buy,NYSE
tx_0002538,2025-06-09 09:51:06,TSLA,707.31,698,sell,NASDAQ
tx_0007865,2025-06-09 09:51:10,FB,324.97,905,sell,NASDAQ
tx_0009396,2025-06-09 09:51:13,PG,135.34,607,buy,NYSE
tx_0000380,2025-06-09 09:51:13,AMZN,3526.96,140,buy,NASDAQ
tx_0005616,2025-06-09 09:51:22,MCD,246.43,389,buy,NYSE
tx_0003804,2025-06-09 09:51:25,PYPL,247.41,280,sell,NASDAQ
tx_0001425,2025-06-09 09:51:28,NFLX,508.72,863,buy,NASDAQ
tx_0008977,2025-06-09 09:51:30,DIS,183.6,249,buy,NYSE
tx_0007176,2025-06-09 09:51:30,AMZN,3529.07,732,sell,NASDAQ
tx_0002136,2025-06-09 09:51:37,TSLA,708.25,559,buy,NASDAQ
tx_0002482,2025-06-09 09:51:38,GOOGL,2773.57,103,buy,NASDAQ
tx_0001696,2025-06-09 09:51:41,KO,54.66,684,buy,NYSE
tx_0008392,2025-06-09 09:51:43,MCD,251.13,365,,NYSE
tx_0008484,2025-06-09 09:51:44,PYPL,248.01,336,buy,NASDAQ
tx_0002765,2025-06-09 09:51:47,KO,54.57,726,sell,NYSE
tx_0000511,2025-06-09 09:51:47,JNJ,168.31,657,buy,NYSE
tx_0008849,2025-06-09 09:51:48,KO,53.79,602,buy,NYSE
tx_0006152,2025-06-09 09:51:49,MCD,252.2,850,buy,
tx_0003845,2025-06-09 09:51:52,PG,136.09,995,buy,NYSE
tx_0005232,2025-06-09 09:51:54,AMZN,3555.32,132,sell,NASDAQ
tx_0002122,2025-06-09 09:51:55,PEP,147.64,453,sell,NYSE
tx_0007000,2025-06-09 09:51:55,MA,354.61,579,sell,NYSE
tx_0005732,2025-06-09 09:51:56,PG,137.22,636,sell,NYSE
tx_0004354,2025-06-09 09:51:56,KO,53.73,129,sell,NYSE
tx_0006837,2025-06-09 09:52:00,PEP,145.58,507,sell,NYSE
tx_0003059,2025-06-09 09:52:00,KO,53.71,893,sell,NYSE
tx_0001132,2025-06-09 09:52:06,WMT,141.3,822,buy,NYSE
tx_0003387,2025-06-09 09:52:06,MSFT,293.33,909,sell,NASDAQ
tx_0008469,2025-06-09 09:52:07,BRK.B,274.04,975,buy,NYSE
tx_0005340,2025-06-09 09:52:10,TSLA,714.98,387,buy,NASDAQ
tx_0006920,2025-06-09 09:52:14,PG,135.79,530,sell,NYSE
tx_0008363,2025-06-09 09:52:16,KO,54.13,217,buy,NYSE
tx_0007682,2025-06-09 09:52:17,DIS,182.61,203,sell,NYSE
tx_0003835,2025-06-09 09:52:17,JNJ,170.79,105,buy,NYSE
tx_0003968,2025-06-09 09:52:17,PG,136.25,773,sell,NYSE
tx_0003425,2025-06-09 09:52:17,TSLA,710.58,679,sell,NASDAQ
tx_0007680,2025-06-09 09:52:21,FB,326.46,929,buy,NASDAQ
tx_0003042,2025-06-09 09:52:22,MA,349.84,792,sell,NYSE
tx_0007596,2025-06-09 09:52:25,AAPL,148.83,170,buy,NASDAQ
tx_0002199,2025-06-09 09:52:29,GOOGL,2753.32,650,sell,NASDAQ
tx_0009355,2025-06-09 09:52:32,ADBE,591.83,943,sell,NASDAQ
tx_0003594,2025-06-09 09:52:33,MCD,247.69,190,buy,NYSE
tx_0005269,2025-06-09 09:52:37,MCD,250.34,662,buy,NYSE
tx_0001666,2025-06-09 09:52:37,NVDA,199.23,572,sell,NASDAQ
tx_0002237,2025-06-09 09:52:44,BRK.B,276.07,855,buy,NYSE
tx_0007450,2025-06-09 09:52:46,TSLA,717.83,858,sell,NASDAQ
tx_0000784,2025-06-09 09:52:47,AAPL,149.36,412,buy,NASDAQ
tx_0006351,2025-06-09 09:52:50,KO,54.16,647,sell,NYSE
tx_0008752,2025-06-09 09:52:51,WMT,140.37,611,buy,NYSE
tx_0005656,2025-06-09 09:52:55,AAPL,149.98,549,sell,NASDAQ
tx_0002187,2025-06-09 09:52:56,MSFT,291.67,607,sell,NASDAQ
tx_0005424,2025-06-09 09:52:57,NFLX,501.07,131,sell,NASDAQ
tx_0006994,2025-06-09 09:52:59,MSFT,291.53,103,sell,NASDAQ
tx_0008106,2025-06-09 09:53:01,KO,54.47,974,buy,NYSE
tx_0000703,2025-06-09 09:53:02,MA,349.59,898,sell,NYSE
tx_0008095,2025-06-09 09:53:05,V,219.52,939,sell,NYSE
tx_0007086,2025-06-09 09:53:07,KO,53.51,786,buy,NYSE
tx_0007510,2025-06-09 09:53:07,V,221.02,772,sell,NYSE
tx_0000931,2025-06-09 09:53:08,AAPL,150.8,350,buy,NASDAQ
tx_0002041,2025-06-09 09:53:10,PG,136.62,384,buy,NYSE
tx_0006395,2025-06-09 09:53:11,AMZN,3507.63,565,buy,NASDAQ
tx_0000350,2025-06-09 09:53:16,AMZN,3497.33,536,sell,NASDAQ
tx_0004422,2025-06-09 09:53:18,KO,53.89,415,sell,NYSE
tx_0001224,2025-06-09 09:53:19,PG,135.51,450,buy,NYSE
tx_0002972,2025-06-09 09:53:23,MCD,251.79,274,sell,NYSE
tx_0005608,2025-06-09 09:53:26,JNJ,170.32,274,sell,NYSE
tx_0009118,2025-06-09 09:53:28,NVDA,198.46,936,buy,NASDAQ
tx_0000197,2025-06-09 09:53:31,PEP,147.88,774,buy,NYSE
tx_0009057,2025-06-09 09:53:34,PG,135.66,818,buy,NYSE
tx_0005900,2025-06-09 09:53:35,MA,353.95,230,sell,NYSE
tx_0001062,2025-06-09 09:53:37,WMT,139.46,205,buy,NYSE
tx_0008054,2025-06-09 09:53:40,FB,321.87,869,sell,NASDAQ
tx_0009099,2025-06-09 09:53:43,MA,350.63,304,sell,NYSE
tx_0002785,2025-06-09 09:53:52,MCD,247.43,619,sell,NYSE
tx_0001480,2025-06-09 09:53:52,MCD,250.25,293,sell,NYSE
tx_0001854,2025-06-09 09:53:55,AAPL,148.73,697,buy,NASDAQ
tx_0004106,2025-06-09 09:53:56,BRK.B,274.29,948,buy,NYSE
tx_0005016,2025-06-09 09:53:58,MA,351.68,190,buy,NYSE
tx_0005071,2025-06-09 09:53:59,TSLA,714.45,272,sell,NASDAQ
tx_0005547,2025-06-09 09:54:01,FB,326.68,544,sell,NASDAQ
tx_0002819,2025-06-09 09:54:02,MCD,246.82,402,buy,NYSE
tx_0000392,2025-06-09 09:54:02,PYPL,250.44,548,buy,NASDAQ
tx_0009995,2025-06-09 09:54:06,PEP,148.04,419,buy,NYSE
tx_0007398,2025-06-09 09:54:13,AAPL,150.13,376,sell,NASDAQ
tx_0006410,2025-06-09 09:54:24,NVDA,199.1,497,sell,NASDAQ
tx_0004747,2025-06-09 09:54:25,MSFT,292.91,171,sell,NASDAQ
tx_0000567,2025-06-09 09:54:26,NVDA,200.68,715,buy,NASDAQ
tx_0006562,2025-06-09 09:54:28,GOOGL,2785.19,971,buy,NASDAQ
tx_0009179,2025-06-09 09:54:30,GOOGL,2763.73,573,buy,NASDAQ
tx_0009378,2025-06-09 09:54:31,WMT,139.44,225,sell,NYSE
tx_0006233,2025-06-09 09:54:32,AMZN,3563.56,768,buy,
tx_0004427,2025-06-09 09:54:33,PG,135.33,850,sell,NYSE
tx_0003562,2025-06-09 09:54:33,MCD,249.18,604,sell,NYSE
tx_0004235,2025-06-09 09:54:35,AMZN,3517.29,297,buy,NASDAQ
tx_0004482,2025-06-09 09:54:35,AMZN,3522.81,513,buy,NASDAQ
tx_0009771,2025-06-09 09:54:38,PG,135.44,982,sell,NYSE
tx_0005499,2025-06-09 09:54:41,NFLX,500.44,290,buy,NASDAQ
tx_0007390,2025-06-09 09:54:42,AMZN,3567.31,859,sell,NASDAQ
tx_0008723,2025-06-09 09:54:43,BRK.B,274.85,957,sell,NYSE
tx_0003397,2025-06-09 09:54:46,KO,53.5,354,sell,NYSE
tx_0008231,2025-06-09 09:54:46,PG,134.32,326,buy,NYSE
tx_0005624,2025-06-09 09:54:47,MA,357.86,802,buy,NYSE
tx_0004104,2025-06-09 09:54:54,AMZN,3533.46,898,buy,NASDAQ
tx_0001591,2025-06-09 09:54:57,BRK.B,271.85,166,sell,NYSE
tx_0001724,2025-06-09 09:55:00,PYPL,251.0,209,buy,NASDAQ
tx_0003076,2025-06-09 09:55:02,MCD,248.63,489,sell,NYSE
tx_0005250,2025-06-09 09:55:03,DIS,180.69,496,sell,NYSE
tx_0005514,2025-06-09 09:55:03,DIS,183.15,627,sell,NYSE
tx_0003228,2025-06-09 09:55:05,MSFT,290.95,578,sell,NASDAQ
tx_0002285,2025-06-09 09:55:05,NFLX,508.18,594,sell,NASDAQ
tx_0006553,2025-06-09 09:55:06,AAPL,148.78,420,sell,NASDAQ
tx_0009070,2025-06-09 09:55:07,MSFT,291.73,616,buy,NASDAQ
tx_0007312,2025-06-09 09:55:09,V,220.25,566,buy,NYSE
tx_0004592,2025-06-09 09:55:12,V,220.23,306,sell,NYSE
tx_0008241,2025-06-09 09:55:17,PG,136.55,206,buy,NYSE
tx_0002905,2025-06-09 09:55:18,MSFT,293.59,306,sell,NASDAQ
tx_0008570,2025-06-09 09:55:18,AAPL,150.82,667,buy,NASDAQ
tx_0008696,2025-06-09 09:55:22,MSFT,289.61,186,buy,NASDAQ
tx_0004853,2025-06-09 09:55:24,PG,134.31,119,buy,NYSE
tx_0007716,2025-06-09 09:55:27,GOOGL,2772.11,903,buy,NASDAQ
tx_0007409,2025-06-09 09:55:29,AAPL,149.58,781,buy,NASDAQ
tx_0000070,2025-06-09 09:55:32,AAPL,149.62,590,sell,NASDAQ
tx_0001429,2025-06-09 09:55:38,AAPL,150.53,373,sell,NASDAQ
tx_0008885,2025-06-09 09:55:39,PYPL,248.88,279,sell,NASDAQ
tx_0009696,2025-06-09 09:55:41,PEP,145.49,140,buy,NYSE
tx_0007098,2025-06-09 09:55:43,BRK.B,272.12,629,buy,NYSE
tx_0004774,2025-06-09 09:55:44,NFLX,504.63,862,sell,NASDAQ
tx_0001396,2025-06-09 09:55:47,MCD,248.91,493,sell,NYSE
tx_0002725,2025-06-09 09:55:48,ADBE,596.86,123,buy,NASDAQ
tx_0008230,2025-06-09 09:55:48,PEP,144.68,258,buy,NYSE
tx_0008257,2025-06-09 09:55:49,MCD,249.12,915,buy,NYSE
tx_0006824,2025-06-09 09:55:50,AAPL,148.86,258,sell,NASDAQ
tx_0003279,2025-06-09 09:55:53,MCD,248.51,436,sell,NYSE
tx_0003615,2025-06-09 09:55:55,PEP,147.17,953,buy,NYSE
tx_0005377,2025-06-09 09:56:05,V,224.98,389,buy,NYSE
tx_0006575,2025-06-09 09:56:06,AAPL,148.4,300,buy,NASDAQ
tx_0002064,2025-06-09 09:56:07,KO,53.73,188,buy,NYSE
tx_0009115,2025-06-09 09:56:07,FB,321.98,873,sell,NASDAQ
tx_0004251,2025-06-09 09:56:08,JNJ,172.17,329,sell,NYSE
tx_0005020,2025-06-09 09:56:13,PYPL,248.44,749,buy,
tx_0000368,2025-06-09 09:56:13,MSFT,293.5,442,sell,NASDAQ
tx_0003254,2025-06-09 09:56:19,TSLA,707.39,451,buy,NASDAQ
tx_0006171,2025-06-09 09:56:19,AMZN,3536.94,885,buy,NASDAQ
tx_0004770,2025-06-09 09:56:21,NVDA,201.95,965,buy,NASDAQ
tx_0007031,2025-06-09 09:56:25,PEP,144.93,163,sell,NYSE
tx_0003203,2025-06-09 09:56:27,AMZN,3531.58,429,buy,NASDAQ
tx_0008714,2025-06-09 09:56:32,FB,321.89,394,buy,NASDAQ
tx_0008754,2025-06-09 09:56:38,WMT,140.36,173,sell,NYSE
tx_0006927,2025-06-09 09:56:38,MCD,249.45,839,sell,NYSE
tx_0002054,2025-06-09 09:56:42,V,223.17,537,sell,NYSE
tx_0008810,2025-06-09 09:56:43,NFLX,506.09,677,sell,NASDAQ
tx_0007095,2025-06-09 09:56:45,NFLX,504.79,864,buy,NASDAQ
tx_0003508,2025-06-09 09:56:46,AMZN,3579.96,853,sell,NASDAQ
tx_0007666,2025-06-09 09:56:46,ADBE,596.37,954,buy,NASDAQ
tx_0009354,2025-06-09 09:56:47,V,222.71,240,buy,NYSE
tx_0002613,2025-06-09 09:56:50,PYPL,250.69,379,sell,NASDAQ
tx_0006411,2025-06-09 09:56:54,DIS,183.54,196,buy,NYSE
tx_0003785,2025-06-09 09:56:55,PEP,147.26,904,buy,NYSE
tx_0004519,2025-06-09 09:56:58,PYPL,252.49,376,sell,NASDAQ
tx_0006684,2025-06-09 09:56:59,PG,134.72,291,sell,NYSE
tx_0004874,2025-06-09 09:57:00,JNJ,169.53,598,sell,NYSE
tx_0003328,2025-06-09 09:57:00,JNJ,171.52,442,buy,NYSE
tx_0003904,2025-06-09 09:57:02,GOOGL,2765.23,200,buy,NASDAQ
tx_0009996,2025-06-09 09:57:04,MSFT,292.91,335,buy,NASDAQ
tx_0004181,2025-06-09 09:57:04,MCD,251.62,279,sell,NYSE
tx_0006156,2025-06-09 09:57:06,PEP,145.2,539,buy,NYSE
tx_0005525,2025-06-09 09:57:07,PG,134.16,162,buy,NYSE
tx_0002835,2025-06-09 09:57:07,AAPL,148.29,677,sell,NASDAQ
tx_0005385,2025-06-09 09:57:07,TSLA,713.09,351,sell,NASDAQ
tx_0005868,2025-06-09 09:57:12,WMT,140.37,827,sell,NYSE
tx_0003075,2025-06-09 09:57:13,BRK.B,276.49,107,sell,NYSE
tx_0008620,2025-06-09 09:57:13,BRK.B,276.42,531,sell,NYSE
tx_0004510,2025-06-09 09:57:14,NVDA,202.72,660,sell,NASDAQ
tx_0008377,2025-06-09 09:57:14,AMZN,3557.66,611,buy,NASDAQ
tx_0007576,2025-06-09 09:57:16,KO,54.22,884,sell,NYSE
tx_0003367,2025-06-09 09:57:17,NFLX,505.64,298,sell,NASDAQ
tx_0001966,2025-06-09 09:57:19,JNJ,170.39,552,sell,NYSE
tx_0008523,2025-06-09 09:57:19,MCD,248.15,558,buy,NYSE
tx_0001069,2025-06-09 09:57:19,NFLX,506.39,985,buy,NASDAQ
tx_0007258,2025-06-09 09:57:23,MA,349.9,741,buy,NYSE
tx_0001569,2025-06-09 09:57:25,KO,53.86,482,buy,NYSE
tx_0002654,2025-06-09 09:57:26,MCD,251.1,564,buy,NYSE
tx_0005601,2025-06-09 09:57:26,JNJ,172.77,528,buy,NYSE
tx_0001847,2025-06-09 09:57:31,BRK.B,271.58,336,buy,NYSE
tx_0006230,2025-06-09 09:57:34,AMZN,3590.56,227,buy,NASDAQ
tx_0007936,2025-06-09 09:57:38,PYPL,251.01,392,sell,NASDAQ
tx_0009375,2025-06-09 09:57:39,NFLX,505.26,316,buy,NASDAQ
tx_0002204,2025-06-09 09:57:43,TSLA,716.28,308,sell,NASDAQ
tx_0004678,2025-06-09 09:57:43,DIS,180.85,757,sell,NYSE
tx_0001718,2025-06-09 09:57:46,MA,354.06,819,sell,NYSE
tx_0004516,2025-06-09 09:57:54,WMT,139.01,526,sell,NYSE
tx_0008677,2025-06-09 09:57:55,NFLX,510.61,593,sell,NASDAQ
tx_0006208,2025-06-09 09:57:59,WMT,140.78,413,buy,NYSE
tx_0006865,2025-06-09 09:58:01,AMZN,3560.86,513,buy,NASDAQ
tx_0001359,2025-06-09 09:58:04,AAPL,149.58,496,buy,NASDAQ
tx_0007653,2025-06-09 09:58:06,GOOGL,2763.07,308,sell,NASDAQ
tx_0006007,2025-06-09 09:58:07,TSLA,705.33,271,buy,NASDAQ
tx_0002345,2025-06-09 09:58:08,MA,355.39,985,sell,NYSE
tx_0006396,2025-06-09 09:58:10,PG,134.92,809,sell,NYSE
tx_0003289,2025-06-09 09:58:10,PEP,146.57,706,sell,NYSE
tx_0009172,2025-06-09 09:58:13,ADBE,586.84,169,sell,
tx_0004143,2025-06-09 09:58:13,NVDA,201.75,156,buy,NASDAQ
tx_0002887,2025-06-09 09:58:14,MCD,250.92,608,sell,NYSE
tx_0006373,2025-06-09 09:58:19,NVDA,202.8,974,buy,NASDAQ
tx_0004616,2025-06-09 09:58:19,KO,53.76,288,buy,NYSE
tx_0004410,2025-06-09 09:58:23,PG,,193,sell,NYSE
tx_0002709,2025-06-09 09:58:25,AMZN,3590.28,597,sell,NASDAQ
tx_0009925,2025-06-09 09:58:26,GOOGL,2758.75,744,sell,NASDAQ
tx_0002195,2025-06-09 09:58:26,KO,53.46,757,buy,NYSE
tx_0005834,2025-06-09 09:58:26,BRK.B,273.71,131,sell,NYSE
tx_0004674,2025-06-09 09:58:28,JNJ,171.43,647,buy,NYSE
tx_0001053,2025-06-09 09:58:34,JNJ,170.02,903,buy,NYSE
tx_0000797,2025-06-09 09:58:35,MSFT,289.61,672,buy,NASDAQ
tx_0007935,2025-06-09 09:58:37,NVDA,202.06,368,buy,NASDAQ
tx_0002473,2025-06-09 09:58:39,PG,135.57,974,sell,NYSE
tx_0009273,2025-06-09 09:58:46,NVDA,,354,sell,NASDAQ
tx_0008870,2025-06-09 09:58:49,KO,53.41,463,sell,NYSE
tx_0000276,2025-06-09 09:58:56,BRK.B,270.35,296,buy,NYSE
tx_0004323,2025-06-09 09:59:01,BRK.B,275.7,342,sell,NYSE
tx_0003186,2025-06-09 09:59:06,PEP,146.94,879,sell,NYSE
tx_0005783,2025-06-09 09:59:07,WMT,140.82,527,buy,NYSE
tx_0001930,2025-06-09 09:59:09,NVDA,200.52,379,sell,NASDAQ
tx_0006129,2025-06-09 09:59:11,NFLX,504.32,974,buy,NASDAQ
tx_0006004,2025-06-09 09:59:11,DIS,180.85,145,buy,NYSE
tx_0000516,2025-06-09 09:59:11,DIS,182.14,298,sell,NYSE
tx_0009691,2025-06-09 09:59:13,GOOGL,2759.72,733,sell,NASDAQ
tx_0007580,2025-06-09 09:59:14,PYPL,,255,sell,NASDAQ
tx_0005300,2025-06-09 09:59:14,PEP,147.21,334,sell,NYSE
tx_0008774,2025-06-09 09:59:16,PEP,147.88,482,sell,NYSE
tx_0006557,2025-06-09 09:59:17,FB,321.79,141,sell,NASDAQ
tx_0004654,2025-06-09 09:59:17,AAPL,148.86,699,buy,NASDAQ
tx_0008899,2025-06-09 09:59:19,JNJ,172.0,135,buy,NYSE
tx_0009487,2025-06-09 09:59:23,WMT,140.37,921,buy,NYSE
tx_0003897,2025-06-09 09:59:24,V,220.37,110,buy,NYSE
tx_0008172,2025-06-09 09:59:25,ADBE,594.15,958,sell,NASDAQ
tx_0005107,2025-06-09 09:59:31,MSFT,293.61,822,sell,NASDAQ
tx_0005530,2025-06-09 09:59:32,KO,54.07,735,sell,NYSE
tx_0009645,2025-06-09 09:59:36,BRK.B,270.15,341,sell,NYSE
tx_0003715,2025-06-09 09:59:39,MCD,248.53,575,sell,NYSE
tx_0005672,2025-06-09 09:59:39,TSLA,708.1,770,buy,NASDAQ
tx_0007348,2025-06-09 09:59:40,MSFT,290.9,555,buy,NASDAQ
tx_0000371,2025-06-09 09:59:40,DIS,183.09,852,sell,NYSE
tx_0001506,2025-06-09 09:59:48,PYPL,253.21,839,sell,NASDAQ
tx_0004562,2025-06-09 09:59:50,WMT,138.27,720,sell,NYSE
tx_0000883,2025-06-09 09:59:50,KO,53.11,761,sell,NYSE
tx_0008759,2025-06-09 09:59:50,MA,349.91,180,buy,NYSE
tx_0004403,2025-06-09 09:59:55,JNJ,169.79,305,buy,NYSE
tx_0007084,2025-06-09 09:59:56,PEP,147.88,771,buy,NYSE
tx_0005430,2025-06-09 10:00:03,PG,135.24,435,sell,NYSE
tx_0006885,2025-06-09 10:00:05,PEP,145.94,125,sell,NYSE
tx_0005083,2025-06-09 10:00:06,KO,53.36,194,sell,NYSE
tx_0007213,2025-06-09 10:00:07,WMT,140.73,708,buy,NYSE
tx_0005755,2025-06-09 10:00:09,MCD,250.48,916,buy,NYSE
tx_0001084,2025-06-09 10:00:10,ADBE,583.51,928,buy,NASDAQ
tx_0002872,2025-06-09 10:00:11,MA,353.58,181,sell,NYSE
tx_0001621,2025-06-09 10:00:11,AMZN,3544.01,670,sell,NASDAQ
tx_0002027,2025-06-09 10:00:13,AAPL,148.06,691,sell,NASDAQ
tx_0008598,2025-06-09 10:00:13,BRK.B,271.81,656,sell,NYSE
tx_0009288,2025-06-09 10:00:15,BRK.B,271.49,530,sell,NYSE
tx_0006451,2025-06-09 10:00:15,MCD,252.02,509,sell,NYSE
tx_0007663,2025-06-09 10:00:15,GOOGL,2738.97,869,sell,NASDAQ
tx_0001579,2025-06-09 10:00:15,V,223.4,798,sell,NYSE
tx_0008614,2025-06-09 10:00:19,DIS,182.15,551,sell,NYSE
tx_0000935,2025-06-09 10:00:20,ADBE,585.84,437,sell,NASDAQ
tx_0006520,2025-06-09 10:00:23,V,221.71,754,sell,NYSE
tx_0007329,2025-06-09 10:00:23,MSFT,289.58,952,sell,NASDAQ
tx_0004526,2025-06-09 10:00:35,AAPL,149.61,802,sell,NASDAQ
tx_0006867,2025-06-09 10:00:35,GOOGL,2731.91,952,buy,
tx_0008838,2025-06-09 10:00:37,ADBE,588.18,129,buy,NASDAQ
tx_0000039,2025-06-09 10:00:38,BRK.B,271.33,362,sell,NYSE
tx_0000695,2025-06-09 10:00:45,GOOGL,2750.87,840,buy,NASDAQ
tx_0002090,2025-06-09 10:00:46,JNJ,170.32,826,sell,NYSE
tx_0002446,2025-06-09 10:00:52,KO,53.5,520,buy,NYSE
tx_0009450,2025-06-09 10:00:54,TSLA,706.74,752,sell,NASDAQ
tx_0000551,2025-06-09 10:00:54,DIS,182.98,792,sell,NYSE
tx_0007972,2025-06-09 10:00:55,NFLX,505.38,858,sell,NASDAQ
tx_0009558,2025-06-09 10:00:55,KO,53.69,885,buy,NYSE
tx_0004024,2025-06-09 10:00:57,JNJ,169.98,760,sell,NYSE
tx_0006271,2025-06-09 10:00:58,AAPL,148.51,533,buy,NASDAQ
tx_0006423,2025-06-09 10:01:00,AMZN,3588.1,803,sell,NASDAQ
tx_0005731,2025-06-09 10:01:00,V,219.66,972,sell,NYSE
tx_0004739,2025-06-09 10:01:00,KO,53.95,159,sell,NYSE
tx_0008068,2025-06-09 10:01:03,DIS,182.72,303,buy,NYSE
tx_0007698,2025-06-09 10:01:03,PYPL,253.49,871,buy,NASDAQ
tx_0008445,2025-06-09 10:01:04,PYPL,252.42,720,buy,NASDAQ
tx_0008947,2025-06-09 10:01:10,MSFT,295.07,912,buy,NASDAQ
tx_0009110,2025-06-09 10:01:11,MCD,248.84,328,sell,NYSE
tx_0003154,2025-06-09 10:01:11,AAPL,149.5,808,sell,NASDAQ
tx_0003445,2025-06-09 10:01:13,V,222.26,722,buy,NYSE
tx_0000303,2025-06-09 10:01:13,NVDA,200.42,742,buy,NASDAQ
tx_0001768,2025-06-09 10:01:18,MSFT,292.33,165,buy,NASDAQ
tx_0003857,2025-06-09 10:01:25,DIS,180.7,413,buy,
tx_0003963,2025-06-09 10:01:25,V,220.28,737,buy,NYSE
tx_0000859,2025-06-09 10:01:28,FB,327.82,806,buy,NASDAQ
tx_0000118,2025-06-09 10:01:29,MA,355.62,669,buy,NYSE
tx_0007192,2025-06-09 10:01:31,MA,353.39,122,sell,NYSE
tx_0004625,2025-06-09 10:01:32,PG,137.35,215,buy,NYSE
tx_0004656,2025-06-09 10:01:33,NVDA,199.75,955,buy,NASDAQ
tx_0000710,2025-06-09 10:01:36,KO,54.21,881,buy,NYSE
tx_0005680,2025-06-09 10:01:36,PYPL,253.62,876,buy,NASDAQ
tx_0007553,2025-06-09 10:01:43,MCD,248.16,183,buy,NYSE
tx_0000771,2025-06-09 10:01:44,PG,137.95,916,buy,NYSE
tx_0005249,2025-06-09 10:01:47,DIS,180.24,205,buy,NYSE
tx_0004102,2025-06-09 10:01:48,MSFT,289.92,812,sell,NASDAQ
tx_0003713,2025-06-09 10:01:52,DIS,181.16,193,buy,NYSE
tx_0005425,2025-06-09 10:01:57,AAPL,149.52,853,buy,NASDAQ
tx_0007999,2025-06-09 10:02:00,FB,330.77,702,buy,NASDAQ
tx_0006162,2025-06-09 10:02:05,FB,324.96,176,buy,NASDAQ
tx_0002830,2025-06-09 10:02:08,JNJ,171.72,663,buy,NYSE
tx_0006960,2025-06-09 10:02:10,NFLX,511.62,330,buy,NASDAQ
tx_0008990,2025-06-09 10:02:12,WMT,140.42,829,sell,NYSE
tx_0001055,2025-06-09 10:02:14,MSFT,291.35,971,buy,NASDAQ
tx_0005304,2025-06-09 10:02:15,NVDA,200.22,122,sell,NASDAQ
tx_0001149,2025-06-09 10:02:17,NVDA,199.9,483,sell,NASDAQ
tx_0005345,2025-06-09 10:02:19,GOOGL,2713.84,513,buy,NASDAQ
tx_0001369,2025-06-09 10:02:24,V,222.53,236,buy,NYSE
tx_0008396,2025-06-09 10:02:26,MCD,251.24,821,buy,NYSE
tx_0001829,2025-06-09 10:02:26,ADBE,592.79,141,sell,NASDAQ
tx_0009665,2025-06-09 10:02:30,PYPL,251.93,374,sell,NASDAQ
tx_0000240,2025-06-09 10:02:30,NVDA,197.95,509,buy,NASDAQ
tx_0000806,2025-06-09 10:02:37,NVDA,199.04,726,buy,NASDAQ
tx_0007530,2025-06-09 10:02:40,KO,53.15,322,,NYSE
tx_0007442,2025-06-09 10:02:41,PEP,146.0,230,buy,NYSE
tx_0008685,2025-06-09 10:02:41,PEP,145.69,533,buy,NYSE
tx_0001254,2025-06-09 10:02:41,NFLX,507.25,949,buy,NASDAQ
tx_0009034,2025-06-09 10:02:41,MA,353.48,350,sell,NYSE
tx_0004063,2025-06-09 10:02:43,FB,330.68,935,sell,NASDAQ
tx_0009908,2025-06-09 10:02:44,FB,326.19,478,buy,NASDAQ
tx_0009080,2025-06-09 10:02:46,ADBE,592.98,456,buy,NASDAQ
tx_0009187,2025-06-09 10:02:47,PYPL,252.44,298,sell,NASDAQ
tx_0001003,2025-06-09 10:02:47,TSLA,716.47,261,sell,NASDAQ
tx_0004392,2025-06-09 10:02:48,PEP,147.56,893,sell,NYSE
tx_0007649,2025-06-09 10:02:48,PEP,147.16,935,buy,NYSE
tx_0005082,2025-06-09 10:02:51,DIS,181.54,921,sell,NYSE
tx_0007949,2025-06-09 10:02:51,WMT,139.6,157,sell,NYSE
tx_0001775,2025-06-09 10:02:56,MCD,247.94,437,buy,NYSE
tx_0000024,2025-06-09 10:02:58,V,221.06,582,sell,NYSE
tx_0000241,2025-06-09 10:03:00,NVDA,197.29,367,sell,NASDAQ
tx_0009074,2025-06-09 10:03:11,GOOGL,2721.42,106,buy,NASDAQ
tx_0002672,2025-06-09 10:03:21,NVDA,197.83,857,buy,NASDAQ
tx_0000267,2025-06-09 10:03:22,NFLX,510.47,936,buy,NASDAQ
tx_0003564,2025-06-09 10:03:22,NVDA,196.51,408,sell,NASDAQ
tx_0003127,2025-06-09 10:03:30,MCD,251.69,433,buy,NYSE
tx_0000648,2025-06-09 10:03:32,KO,53.46,922,buy,NYSE
tx_0009825,2025-06-09 10:03:34,NFLX,511.96,644,sell,NASDAQ
tx_0003474,2025-06-09 10:03:35,AAPL,148.06,608,buy,NASDAQ
tx_0008461,2025-06-09 10:03:40,KO,53.37,606,,NYSE
tx_0007368,2025-06-09 10:03:47,ADBE,589.98,689,buy,NASDAQ
tx_0003488,2025-06-09 10:03:48,BRK.B,271.6,855,buy,NYSE
tx_0006178,2025-06-09 10:03:52,MSFT,296.92,415,buy,NASDAQ
tx_0007639,2025-06-09 10:03:53,JNJ,168.52,701,sell,NYSE
tx_0000412,2025-06-09 10:03:56,GOOGL,2697.93,470,buy,NASDAQ
tx_0002612,2025-06-09 10:03:58,GOOGL,2683.36,644,sell,NASDAQ
tx_0004778,2025-06-09 10:03:58,MA,353.76,136,buy,NYSE
tx_0004603,2025-06-09 10:04:00,MCD,247.83,463,sell,NYSE
tx_0006528,2025-06-09 10:04:02,DIS,181.9,517,sell,NYSE
tx_0009672,2025-06-09 10:04:03,AMZN,3582.2,827,sell,NASDAQ
tx_0002943,2025-06-09 10:04:05,FB,332.4,245,sell,NASDAQ
tx_0001764,2025-06-09 10:04:05,V,219.47,419,buy,NYSE
tx_0007608,2025-06-09 10:04:08,MCD,252.52,244,buy,NYSE
tx_0009052,2025-06-09 10:04:11,NFLX,506.82,699,sell,NASDAQ
tx_0008827,2025-06-09 10:04:12,NFLX,510.87,564,sell,NASDAQ
tx_0006096,2025-06-09 10:04:12,AAPL,148.94,994,sell,NASDAQ
tx_0006642,2025-06-09 10:04:14,JNJ,168.2,858,sell,NYSE
tx_0003939,2025-06-09 10:04:26,NFLX,507.44,834,sell,NASDAQ
tx_0003972,2025-06-09 10:04:29,MSFT,295.75,934,sell,NASDAQ
tx_0004064,2025-06-09 10:04:31,PG,137.27,325,sell,NYSE
tx_0005115,2025-06-09 10:04:32,V,220.39,856,sell,NYSE
tx_0009168,2025-06-09 10:04:38,ADBE,595.32,121,buy,NASDAQ
tx_0006297,2025-06-09 10:04:39,NFLX,504.02,380,sell,NASDAQ
tx_0003900,2025-06-09 10:04:39,KO,54.11,297,buy,NYSE
tx_0000269,2025-06-09 10:04:42,FB,329.44,367,sell,NASDAQ
tx_0007603,2025-06-09 10:04:42,ADBE,592.97,452,buy,NASDAQ
tx_0005518,2025-06-09 10:04:44,GOOGL,2707.33,941,sell,NASDAQ
tx_0007835,2025-06-09 10:04:46,WMT,138.63,931,sell,NYSE
tx_0003782,2025-06-09 10:04:46,KO,54.21,185,sell,NYSE
tx_0005748,2025-06-09 10:04:57,NVDA,196.08,378,sell,NASDAQ
tx_0009815,2025-06-09 10:04:57,NVDA,199.27,564,buy,NASDAQ
tx_0008031,2025-06-09 10:05:01,MSFT,290.56,428,buy,NASDAQ
tx_0003726,2025-06-09 10:05:03,MA,347.84,761,buy,NYSE
tx_0005084,2025-06-09 10:05:04,TSLA,709.29,462,sell,NASDAQ
tx_0002876,2025-06-09 10:05:07,NVDA,199.14,889,buy,NASDAQ
tx_0005668,2025-06-09 10:05:11,FB,329.72,785,buy,NASDAQ
tx_0006430,2025-06-09 10:05:12,GOOGL,2683.82,666,sell,NASDAQ
tx_0001690,2025-06-09 10:05:12,PG,137.72,533,buy,NYSE
tx_0003011,2025-06-09 10:05:12,AAPL,149.59,321,buy,NASDAQ
tx_0006539,2025-06-09 10:05:13,TSLA,715.14,238,sell,NASDAQ
tx_0006433,2025-06-09 10:05:15,MSFT,291.72,692,sell,NASDAQ
tx_0006519,2025-06-09 10:05:15,TSLA,721.15,942,sell,
tx_0006167,2025-06-09 10:05:15,NVDA,197.29,896,sell,NASDAQ
tx_0000045,2025-06-09 10:05:16,KO,53.4,592,sell,NYSE
tx_0000679,2025-06-09 10:05:18,TSLA,714.07,622,sell,NASDAQ
tx_0009280,2025-06-09 10:05:18,PEP,146.06,374,sell,NYSE
tx_0003759,2025-06-09 10:05:19,ADBE,591.71,124,buy,NASDAQ
tx_0002377,2025-06-09 10:05:19,DIS,184.29,424,sell,NYSE
tx_0004290,2025-06-09 10:05:24,FB,332.76,686,buy,NASDAQ
tx_0002018,2025-06-09 10:05:24,MSFT,291.9,675,sell,NASDAQ
tx_0005819,2025-06-09 10:05:27,AMZN,3557.13,936,sell,NASDAQ
tx_0002745,2025-06-09 10:05:31,MSFT,295.54,958,sell,NASDAQ
tx_0009508,2025-06-09 10:05:35,MCD,246.96,492,buy,NYSE
tx_0000626,2025-06-09 10:05:36,V,221.12,950,sell,NYSE
tx_0003706,2025-06-09 10:05:36,TSLA,715.79,544,buy,NASDAQ
tx_0001340,2025-06-09 10:05:36,NFLX,504.02,307,sell,NASDAQ
tx_0000178,2025-06-09 10:05:37,V,223.26,800,buy,NYSE
tx_0003450,2025-06-09 10:05:37,V,221.58,812,sell,NYSE
tx_0002137,2025-06-09 10:05:43,KO,53.78,479,sell,NYSE
tx_0001558,2025-06-09 10:05:46,MA,352.1,139,buy,NYSE
tx_0005338,2025-06-09 10:05:53,MSFT,295.68,425,buy,NASDAQ
tx_0008085,2025-06-09 10:05:55,PYPL,248.71,617,buy,NASDAQ
tx_0006184,2025-06-09 10:05:57,FB,334.89,118,buy,NASDAQ
tx_0001534,2025-06-09 10:05:59,MSFT,290.88,347,sell,NASDAQ
tx_0000396,2025-06-09 10:06:01,GOOGL,2705.39,528,sell,NASDAQ
tx_0002698,2025-06-09 10:06:02,PEP,147.05,824,sell,NYSE
tx_0001473,2025-06-09 10:06:06,KO,53.26,327,buy,NYSE
tx_0007630,2025-06-09 10:06:08,V,219.96,352,buy,NYSE
tx_0004960,2025-06-09 10:06:09,JNJ,167.11,436,buy,NYSE
tx_0003134,2025-06-09 10:06:09,DIS,180.8,937,buy,NYSE
tx_0001014,2025-06-09 10:06:13,GOOGL,2748.28,209,sell,NASDAQ
tx_0000010,2025-06-09 10:06:16,JNJ,167.82,547,buy,NYSE
tx_0005102,2025-06-09 10:06:20,DIS,181.12,303,sell,NYSE
tx_0000675,2025-06-09 10:06:21,KO,54.27,555,buy,NYSE
tx_0001483,2025-06-09 10:06:21,TSLA,712.5,744,sell,NASDAQ
tx_0008450,2025-06-09 10:06:26,V,220.86,316,buy,NYSE
tx_0005642,2025-06-09 10:06:26,ADBE,588.28,524,buy,NASDAQ
tx_0003830,2025-06-09 10:06:27,WMT,138.74,617,sell,NYSE
tx_0008875,2025-06-09 10:06:27,PEP,147.67,933,sell,NYSE
tx_0007116,2025-06-09 10:06:28,KO,53.55,406,buy,NYSE
tx_0006941,2025-06-09 10:06:28,MA,350.5,355,sell,NYSE
tx_0002004,2025-06-09 10:06:29,AMZN,3586.59,250,sell,NASDAQ
tx_0006054,2025-06-09 10:06:30,DIS,182.19,627,buy,NYSE
tx_0003515,2025-06-09 10:06:33,MA,350.35,363,buy,NYSE
tx_0006098,2025-06-09 10:06:36,PEP,146.43,560,sell,NYSE
tx_0005753,2025-06-09 10:06:36,KO,53.11,474,buy,NYSE
tx_0009539,2025-06-09 10:06:37,MSFT,294.75,690,sell,NASDAQ
tx_0007877,2025-06-09 10:06:38,MCD,251.02,273,sell,NYSE
tx_0002643,2025-06-09 10:06:38,ADBE,587.83,381,sell,NASDAQ
tx_0002350,2025-06-09 10:06:39,ADBE,588.26,750,sell,NASDAQ
tx_0002974,2025-06-09 10:06:42,NVDA,199.08,765,sell,NASDAQ
tx_0009582,2025-06-09 10:06:42,JNJ,169.06,594,sell,NYSE
tx_0005544,2025-06-09 10:06:44,JNJ,167.34,109,buy,NYSE
tx_0007699,2025-06-09 10:06:46,PG,138.65,810,buy,NYSE
tx_0003402,2025-06-09 10:06:47,FB,332.27,925,buy,NASDAQ
tx_0008199,2025-06-09 10:06:49,PG,137.71,205,sell,NYSE
tx_0009370,2025-06-09 10:06:53,PEP,148.31,781,buy,NYSE
tx_0002692,2025-06-09 10:06:57,MCD,247.88,455,sell,NYSE
tx_0002055,2025-06-09 10:06:59,MA,347.46,974,buy,NYSE
tx_0002009,2025-06-09 10:07:00,PYPL,248.51,230,sell,NASDAQ
tx_0007478,2025-06-09 10:07:00,WMT,139.72,794,buy,NYSE
tx_0009545,2025-06-09 10:07:06,V,221.77,607,sell,NYSE
tx_0001158,2025-06-09 10:07:07,PYPL,248.24,407,buy,NASDAQ
tx_0003608,2025-06-09 10:07:07,WMT,140.29,314,sell,NYSE
tx_0004171,2025-06-09 10:07:08,AMZN,3626.64,139,sell,NASDAQ
tx_0009163,2025-06-09 10:07:11,PYPL,251.13,595,sell,NASDAQ
tx_0001488,2025-06-09 10:07:15,V,223.12,953,buy,NYSE
tx_0004848,2025-06-09 10:07:17,NFLX,510.3,209,sell,NASDAQ
tx_0001314,2025-06-09 10:07:17,DIS,181.0,176,sell,NYSE
tx_0009880,2025-06-09 10:07:17,PG,138.78,366,buy,NYSE
tx_0009236,2025-06-09 10:07:18,AMZN,3591.99,323,sell,NASDAQ
tx_0000777,2025-06-09 10:07:28,PG,137.3,497,buy,NYSE
tx_0004722,2025-06-09 10:07:32,MA,351.83,964,buy,NYSE
tx_0008791,2025-06-09 10:07:34,GOOGL,2743.45,355,sell,NASDAQ
tx_0003610,2025-06-09 10:07:35,ADBE,591.34,948,buy,NASDAQ
tx_0001559,2025-06-09 10:07:38,MSFT,294.26,983,buy,NASDAQ
tx_0001228,2025-06-09 10:07:41,DIS,180.16,746,sell,NYSE
tx_0009093,2025-06-09 10:07:46,MA,346.67,286,buy,NYSE
tx_0001973,2025-06-09 10:07:47,BRK.B,268.69,411,sell,NYSE
tx_0006576,2025-06-09 10:07:51,BRK.B,273.1,384,sell,NYSE
tx_0005175,2025-06-09 10:07:53,MSFT,294.31,728,sell,NASDAQ
tx_0007413,2025-06-09 10:07:55,ADBE,588.03,867,sell,NASDAQ
tx_0000018,2025-06-09 10:07:57,NFLX,510.25,389,sell,NASDAQ
tx_0006745,2025-06-09 10:08:00,AAPL,150.09,651,buy,NASDAQ
tx_0003654,2025-06-09 10:08:03,MSFT,292.76,999,sell,NASDAQ
tx_0001170,2025-06-09 10:08:20,PYPL,250.95,307,buy,NASDAQ
tx_0001683,2025-06-09 10:08:24,TSLA,710.54,160,buy,NASDAQ
tx_0006304,2025-06-09 10:08:24,GOOGL,2739.17,191,sell,NASDAQ
tx_0002527,2025-06-09 10:08:27,WMT,137.59,284,sell,NYSE
tx_0005465,2025-06-09 10:08:29,AMZN,3573.7,809,buy,NASDAQ
tx_0006321,2025-06-09 10:08:30,ADBE,595.81,916,sell,NASDAQ
tx_0001492,2025-06-09 10:08:32,GOOGL,2753.25,488,buy,NASDAQ
tx_0002270,2025-06-09 10:08:38,NFLX,512.1,919,buy,NASDAQ
tx_0006338,2025-06-09 10:08:38,PEP,147.44,771,sell,NYSE
tx_0000156,2025-06-09 10:08:38,MSFT,294.52,318,buy,NASDAQ
tx_0002781,2025-06-09 10:08:39,KO,53.28,974,buy,NYSE
tx_0009010,2025-06-09 10:08:40,TSLA,712.16,892,buy,NASDAQ
tx_0002327,2025-06-09 10:08:41,WMT,138.02,583,,NYSE
tx_0002441,2025-06-09 10:08:42,PYPL,252.35,682,buy,NASDAQ
tx_0008673,2025-06-09 10:08:42,GOOGL,2708.36,169,buy,NASDAQ
tx_0003625,2025-06-09 10:08:42,GOOGL,2720.37,903,buy,NASDAQ
tx_0000518,2025-06-09 10:08:43,MSFT,291.25,216,buy,NASDAQ
tx_0007549,2025-06-09 10:08:46,ADBE,590.37,751,sell,NASDAQ
tx_0004021,2025-06-09 10:08:46,PYPL,251.31,938,buy,NASDAQ
tx_0000811,2025-06-09 10:08:47,PG,137.86,417,buy,NYSE
tx_0004989,2025-06-09 10:08:47,AMZN,3591.6,774,buy,NASDAQ
tx_0006256,2025-06-09 10:08:48,AMZN,3596.83,809,buy,NASDAQ
tx_0000131,2025-06-09 10:08:48,BRK.B,271.67,822,sell,NYSE
tx_0000268,2025-06-09 10:08:49,PYPL,252.15,341,buy,NASDAQ
tx_0009224,2025-06-09 10:08:51,TSLA,704.31,105,sell,NASDAQ
tx_0007429,2025-06-09 10:08:55,PEP,149.22,210,sell,NYSE
tx_0000748,2025-06-09 10:08:55,KO,53.83,520,buy,NYSE
tx_0007318,2025-06-09 10:08:55,GOOGL,2736.18,768,sell,NASDAQ
tx_0008521,2025-06-09 10:08:57,DIS,180.91,291,sell,NYSE
tx_0008918,2025-06-09 10:09:01,V,223.44,517,sell,NYSE
tx_0009658,2025-06-09 10:09:04,NVDA,199.22,483,buy,NASDAQ
tx_0004072,2025-06-09 10:09:06,PYPL,250.46,451,sell,NASDAQ
tx_0002808,2025-06-09 10:09:07,BRK.B,270.02,707,buy,NYSE
tx_0005787,2025-06-09 10:09:09,GOOGL,2757.23,853,buy,NASDAQ
tx_0002570,2025-06-09 10:09:11,AMZN,3614.38,440,sell,NASDAQ
tx_0007862,2025-06-09 10:09:12,BRK.B,273.78,927,buy,NYSE
tx_0004066,2025-06-09 10:09:18,DIS,181.51,999,sell,NYSE
tx_0005961,2025-06-09 10:09:18,PYPL,251.08,449,buy,NASDAQ
tx_0004501,2025-06-09 10:09:25,JNJ,167.48,269,buy,NYSE
tx_0002227,2025-06-09 10:09:25,FB,336.95,354,buy,NASDAQ
tx_0005885,2025-06-09 10:09:28,AMZN,3631.25,685,sell,NASDAQ
tx_0009680,2025-06-09 10:09:36,TSLA,704.82,336,sell,NASDAQ
tx_0006975,2025-06-09 10:09:36,PEP,146.74,338,sell,NYSE
tx_0002228,2025-06-09 10:09:37,KO,53.85,543,sell,NYSE
tx_0008518,2025-06-09 10:09:38,PG,136.65,922,buy,NYSE
tx_0000021,2025-06-09 10:09:38,MSFT,294.34,405,buy,NASDAQ
tx_0004435,2025-06-09 10:09:38,BRK.B,272.45,964,buy,NYSE
tx_0008391,2025-06-09 10:09:40,NFLX,508.8,775,buy,NASDAQ
tx_0005363,2025-06-09 10:09:40,KO,53.36,440,sell,NYSE
tx_0007604,2025-06-09 10:09:42,ADBE,598.94,510,buy,NASDAQ
tx_0009563,2025-06-09 10:09:43,PEP,146.46,105,sell,NYSE
tx_0008825,2025-06-09 10:09:44,V,224.34,259,buy,NYSE
tx_0007146,2025-06-09 10:09:44,DIS,181.43,933,sell,NYSE
tx_0001134,2025-06-09 10:09:46,KO,53.88,168,sell,NYSE
tx_0009757,2025-06-09 10:09:49,V,224.69,751,buy,NYSE
tx_0000473,2025-06-09 10:09:51,AAPL,150.02,695,sell,NASDAQ
tx_0004855,2025-06-09 10:09:53,WMT,137.67,840,buy,NYSE
tx_0006728,2025-06-09 10:09:54,MSFT,295.98,229,sell,NASDAQ
tx_0007902,2025-06-09 10:09:58,NFLX,512.82,970,buy,NASDAQ
tx_0007714,2025-06-09 10:10:02,MA,344.43,263,sell,NYSE
tx_0004970,2025-06-09 10:10:06,NFLX,512.68,835,sell,NASDAQ
tx_0002427,2025-06-09 10:10:07,BRK.B,268.59,493,buy,NYSE
tx_0008397,2025-06-09 10:10:12,AAPL,150.06,762,buy,NASDAQ
tx_0006712,2025-06-09 10:10:15,BRK.B,271.3,912,sell,NYSE
tx_0001196,2025-06-09 10:10:18,DIS,180.09,446,buy,NYSE
tx_0000456,2025-06-09 10:10:18,FB,336.96,874,buy,NASDAQ
tx_0004346,2025-06-09 10:10:18,MCD,249.39,287,sell,NYSE
tx_0000419,2025-06-09 10:10:21,ADBE,595.26,167,sell,NASDAQ
tx_0006654,2025-06-09 10:10:25,MA,349.15,893,sell,NYSE
tx_0002430,2025-06-09 10:10:30,FB,333.03,432,buy,NASDAQ
tx_0003401,2025-06-09 10:10:32,NVDA,196.95,982,buy,NASDAQ
tx_0003257,2025-06-09 10:10:34,AAPL,150.66,706,sell,NASDAQ
tx_0000793,2025-06-09 10:10:36,PG,136.79,243,buy,NYSE
tx_0005558,2025-06-09 10:10:38,PG,137.61,305,buy,NYSE
tx_0003841,2025-06-09 10:10:40,TSLA,711.22,679,buy,NASDAQ
tx_0008923,2025-06-09 10:10:41,AAPL,150.83,259,sell,NASDAQ
tx_0007558,2025-06-09 10:10:41,JNJ,168.15,610,buy,NYSE
tx_0005339,2025-06-09 10:10:42,BRK.B,271.96,798,sell,NYSE
tx_0009956,2025-06-09 10:10:42,FB,331.07,674,buy,NASDAQ
tx_0003937,2025-06-09 10:10:47,DIS,181.69,654,buy,NYSE
tx_0003624,2025-06-09 10:10:52,AMZN,3628.56,260,buy,NASDAQ
tx_0007290,2025-06-09 10:10:54,NVDA,,723,buy,NASDAQ
tx_0003176,2025-06-09 10:10:55,MSFT,293.04,899,buy,NASDAQ
tx_0003899,2025-06-09 10:10:58,JNJ,167.78,271,buy,NYSE
tx_0007378,2025-06-09 10:10:59,DIS,182.14,876,buy,NYSE
tx_0003794,2025-06-09 10:11:04,NFLX,517.14,241,sell,NASDAQ
tx_0006057,2025-06-09 10:11:06,DIS,182.87,612,sell,NYSE
tx_0001629,2025-06-09 10:11:07,WMT,136.72,330,sell,NYSE
tx_0009216,2025-06-09 10:11:09,NVDA,199.57,375,sell,NASDAQ
tx_0009017,2025-06-09 10:11:12,KO,52.89,863,buy,NYSE
tx_0007140,2025-06-09 10:11:13,BRK.B,269.66,269,sell,NYSE
tx_0001825,2025-06-09 10:11:15,DIS,182.07,592,buy,NYSE
tx_0009389,2025-06-09 10:11:17,BRK.B,269.41,987,sell,NYSE
tx_0007970,2025-06-09 10:11:17,NVDA,198.85,572,buy,NASDAQ
tx_0002636,2025-06-09 10:11:22,PG,136.47,931,buy,NYSE
tx_0000384,2025-06-09 10:11:23,KO,53.68,344,sell,NYSE
tx_0007886,2025-06-09 10:11:25,NVDA,197.81,942,,NASDAQ
tx_0009609,2025-06-09 10:11:27,NFLX,513.38,308,buy,NASDAQ
tx_0007620,2025-06-09 10:11:29,GOOGL,2714.83,618,buy,NASDAQ
tx_0009570,2025-06-09 10:11:30,MCD,248.46,364,sell,NYSE
tx_0005154,2025-06-09 10:11:34,MCD,247.14,106,buy,NYSE
tx_0002140,2025-06-09 10:11:36,JNJ,168.69,671,buy,NYSE
tx_0002851,2025-06-09 10:11:41,KO,52.94,971,buy,NYSE
tx_0007410,2025-06-09 10:11:43,V,224.55,756,sell,NYSE
tx_0004650,2025-06-09 10:11:46,FB,334.43,588,sell,NASDAQ
tx_0004333,2025-06-09 10:11:49,DIS,182.65,470,buy,NYSE
tx_0005159,2025-06-09 10:11:51,WMT,136.53,976,sell,NYSE
tx_0000634,2025-06-09 10:11:52,PEP,147.63,945,buy,NYSE
tx_0004222,2025-06-09 10:11:54,JNJ,166.15,291,sell,NYSE
tx_0009733,2025-06-09 10:11:55,AMZN,3571.62,112,sell,NASDAQ
tx_0009428,2025-06-09 10:11:56,FB,335.82,620,buy,NASDAQ
tx_0005565,2025-06-09 10:11:59,V,223.51,972,sell,NYSE
tx_0006844,2025-06-09 10:12:07,AMZN,3553.79,255,buy,NASDAQ
tx_0003799,2025-06-09 10:12:08,DIS,181.4,743,buy,NYSE
tx_0004425,2025-06-09 10:12:09,ADBE,595.44,353,sell,NASDAQ
tx_0002150,2025-06-09 10:12:09,ADBE,601.27,755,buy,NASDAQ
tx_0009928,2025-06-09 10:12:12,PG,138.17,596,sell,NYSE
tx_0000301,2025-06-09 10:12:19,NFLX,512.97,490,sell,NASDAQ
tx_0005869,2025-06-09 10:12:21,MCD,247.68,850,buy,NYSE
tx_0006021,2025-06-09 10:12:21,AMZN,3618.39,118,buy,NASDAQ
tx_0005432,2025-06-09 10:12:22,MCD,248.97,459,sell,NYSE
tx_0009881,2025-06-09 10:12:26,V,224.27,108,buy,NYSE
tx_0004903,2025-06-09 10:12:28,DIS,183.59,250,sell,NYSE
tx_0002046,2025-06-09 10:12:28,ADBE,591.42,865,sell,NASDAQ
tx_0006860,2025-06-09 10:12:28,JNJ,167.88,227,sell,NYSE
tx_0000366,2025-06-09 10:12:35,NVDA,197.25,456,buy,NASDAQ
tx_0006856,2025-06-09 10:12:40,NVDA,197.78,719,buy,NASDAQ
tx_0002931,2025-06-09 10:12:41,JNJ,167.62,100,sell,NYSE
tx_0006306,2025-06-09 10:12:43,TSLA,719.76,955,buy,NASDAQ
tx_0003856,2025-06-09 10:12:44,AMZN,3617.19,106,buy,NASDAQ
tx_0007012,2025-06-09 10:12:47,MSFT,291.47,630,buy,NASDAQ
tx_0004230,2025-06-09 10:12:49,MSFT,289.37,115,buy,NASDAQ
tx_0005261,2025-06-09 10:12:51,MCD,247.55,201,buy,NYSE
tx_0006534,2025-06-09 10:12:54,MA,352.69,117,buy,NYSE
tx_0000525,2025-06-09 10:12:54,PYPL,251.08,593,buy,NASDAQ
tx_0002170,2025-06-09 10:12:55,V,222.61,326,buy,NYSE
tx_0001010,2025-06-09 10:13:10,NFLX,514.42,847,buy,NASDAQ
tx_0005687,2025-06-09 10:13:11,NFLX,513.06,430,sell,NASDAQ
tx_0004786,2025-06-09 10:13:11,NVDA,198.31,585,buy,NASDAQ
tx_0002006,2025-06-09 10:13:12,JNJ,168.95,163,buy,NYSE
tx_0004221,2025-06-09 10:13:17,NVDA,196.62,766,buy,NASDAQ
tx_0007465,2025-06-09 10:13:21,WMT,138.16,816,buy,NYSE
tx_0000081,2025-06-09 10:13:26,GOOGL,2726.79,861,sell,NASDAQ
tx_0002020,2025-06-09 10:13:28,AMZN,3595.65,551,sell,NASDAQ
tx_0007460,2025-06-09 10:13:30,JNJ,169.26,832,sell,NYSE
tx_0007339,2025-06-09 10:13:31,KO,52.73,258,buy,NYSE
tx_0006251,2025-06-09 10:13:31,MA,348.84,246,buy,NYSE
tx_0007277,2025-06-09 10:13:31,NFLX,511.01,859,sell,NASDAQ
tx_0006598,2025-06-09 10:13:32,WMT,138.19,734,sell,NYSE
tx_0007552,2025-06-09 10:13:33,JNJ,168.69,891,sell,NYSE
tx_0000799,2025-06-09 10:13:34,PEP,145.5,477,buy,NYSE
tx_0001924,2025-06-09 10:13:36,AAPL,150.71,703,buy,NASDAQ
tx_0005097,2025-06-09 10:13:42,MA,354.66,597,buy,NYSE
tx_0002833,2025-06-09 10:13:43,PYPL,252.84,682,sell,NASDAQ
tx_0007073,2025-06-09 10:13:45,PEP,146.11,738,buy,NYSE
tx_0005821,2025-06-09 10:13:45,NVDA,196.14,575,sell,NASDAQ
tx_0007382,2025-06-09 10:13:48,JNJ,168.51,705,buy,NYSE
tx_0004321,2025-06-09 10:13:49,MSFT,287.32,247,sell,NASDAQ
tx_0005645,2025-06-09 10:13:56,TSLA,704.97,542,sell,NASDAQ
tx_0006246,2025-06-09 10:13:58,WMT,138.77,751,buy,NYSE
tx_0001413,2025-06-09 10:13:59,DIS,184.24,397,buy,NYSE
tx_0003212,2025-06-09 10:14:04,PYPL,251.31,256,buy,NASDAQ
tx_0006253,2025-06-09 10:14:04,MSFT,289.31,779,,NASDAQ
tx_0008650,2025-06-09 10:14:06,PEP,146.53,384,buy,NYSE
tx_0005979,2025-06-09 10:14:14,V,221.48,961,sell,NYSE
tx_0005730,2025-06-09 10:14:17,NVDA,198.98,116,buy,NASDAQ
tx_0001379,2025-06-09 10:14:23,AMZN,3610.79,263,buy,NASDAQ
tx_0005164,2025-06-09 10:14:24,V,220.2,176,sell,NYSE
tx_0006206,2025-06-09 10:14:25,FB,332.01,409,sell,NASDAQ
tx_0009642,2025-06-09 10:14:27,AAPL,151.22,574,buy,NASDAQ
tx_0005908,2025-06-09 10:14:28,ADBE,602.08,753,sell,NASDAQ
tx_0004766,2025-06-09 10:14:28,NFLX,514.48,900,buy,NASDAQ
tx_0006114,2025-06-09 10:14:32,ADBE,595.97,234,buy,NASDAQ
tx_0000326,2025-06-09 10:14:36,V,222.01,296,buy,NYSE
tx_0003440,2025-06-09 10:14:39,PEP,146.91,192,sell,NYSE
tx_0005607,2025-06-09 10:14:44,WMT,137.2,956,sell,NYSE
tx_0007664,2025-06-09 10:14:47,PEP,147.02,957,sell,NYSE
tx_0008805,2025-06-09 10:14:51,BRK.B,270.39,114,sell,NYSE
tx_0005204,2025-06-09 10:14:55,NVDA,196.96,925,sell,NASDAQ
tx_0005594,2025-06-09 10:14:57,ADBE,592.31,526,sell,NASDAQ
tx_0009860,2025-06-09 10:15:00,PG,138.02,118,sell,NYSE
tx_0000655,2025-06-09 10:15:00,MSFT,286.78,492,,NASDAQ
tx_0002497,2025-06-09 10:15:00,KO,52.63,458,buy,NYSE
tx_0005707,2025-06-09 10:15:02,WMT,137.96,316,sell,NYSE
tx_0008452,2025-06-09 10:15:02,NVDA,197.91,375,buy,NASDAQ
tx_0004246,2025-06-09 10:15:02,DIS,183.15,300,sell,NYSE
tx_0009302,2025-06-09 10:15:07,MSFT,286.52,883,buy,NASDAQ
tx_0008351,2025-06-09 10:15:07,TSLA,708.39,857,sell,NASDAQ
tx_0009294,2025-06-09 10:15:08,MA,355.1,751,buy,NYSE
tx_0008809,2025-06-09 10:15:13,NVDA,199.58,378,sell,NASDAQ
tx_0003324,2025-06-09 10:15:15,JNJ,168.89,487,buy,NYSE
tx_0005121,2025-06-09 10:15:23,KO,52.53,444,sell,NYSE
tx_0009359,2025-06-09 10:15:24,NVDA,198.3,555,sell,NASDAQ
tx_0004271,2025-06-09 10:15:25,V,220.62,888,sell,NYSE
tx_0004983,2025-06-09 10:15:26,MSFT,288.85,656,buy,NASDAQ
tx_0007655,2025-06-09 10:15:28,TSLA,709.76,199,buy,NASDAQ
tx_0009395,2025-06-09 10:15:34,GOOGL,2727.13,971,buy,NASDAQ
tx_0004971,2025-06-09 10:15:37,BRK.B,272.01,130,buy,NYSE
tx_0005897,2025-06-09 10:15:38,PYPL,252.88,743,sell,NASDAQ
tx_0005973,2025-06-09 10:15:44,MCD,249.85,517,sell,NYSE
tx_0002533,2025-06-09 10:15:46,NFLX,516.14,444,buy,NASDAQ
tx_0004200,2025-06-09 10:15:54,PYPL,252.24,678,buy,NASDAQ
tx_0001706,2025-06-09 10:15:58,TSLA,715.12,166,sell,NASDAQ
tx_0002166,2025-06-09 10:16:00,GOOGL,2712.62,658,buy,NASDAQ
tx_0009125,2025-06-09 10:16:05,AMZN,3574.49,366,sell,NASDAQ
tx_0009620,2025-06-09 10:16:08,DIS,182.21,660,sell,NYSE
tx_0004191,2025-06-09 10:16:08,ADBE,594.99,449,sell,NASDAQ
tx_0008656,2025-06-09 10:16:09,MSFT,289.25,452,sell,NASDAQ
tx_0009116,2025-06-09 10:16:09,TSLA,710.53,558,sell,
tx_0000515,2025-06-09 10:16:12,KO,52.39,995,sell,NYSE
tx_0009032,2025-06-09 10:16:12,DIS,179.53,887,sell,NYSE
tx_0003438,2025-06-09 10:16:15,AMZN,3544.98,526,sell,NASDAQ
tx_0008071,2025-06-09 10:16:19,DIS,180.47,170,buy,NYSE
tx_0004452,2025-06-09 10:16:25,V,219.03,364,sell,NYSE
tx_0004554,2025-06-09 10:16:26,JNJ,167.51,273,sell,NYSE
tx_0003761,2025-06-09 10:16:26,V,222.01,465,buy,NYSE
tx_0008866,2025-06-09 10:16:30,MSFT,285.57,211,buy,NASDAQ
tx_0006786,2025-06-09 10:16:35,TSLA,707.27,271,sell,NASDAQ
tx_0003172,2025-06-09 10:16:38,AMZN,3591.61,174,sell,NASDAQ
tx_0001656,2025-06-09 10:16:39,NVDA,200.83,666,sell,NASDAQ
tx_0004753,2025-06-09 10:16:40,ADBE,597.03,999,sell,NASDAQ
tx_0008681,2025-06-09 10:16:42,PYPL,252.12,617,buy,NASDAQ
tx_0002917,2025-06-09 10:16:42,PG,139.19,133,buy,NYSE
tx_0004186,2025-06-09 10:16:46,NFLX,511.91,480,sell,NASDAQ
tx_0007577,2025-06-09 10:16:47,DIS,181.42,654,sell,NYSE
tx_0009385,2025-06-09 10:16:48,AMZN,3570.4,888,buy,NASDAQ
tx_0004949,2025-06-09 10:16:48,ADBE,598.95,653,sell,NASDAQ
tx_0002904,2025-06-09 10:16:50,AMZN,3577.57,190,buy,NASDAQ
tx_0001208,2025-06-09 10:16:50,TSLA,709.45,946,sell,NASDAQ
tx_0007417,2025-06-09 10:16:55,PYPL,251.5,845,sell,NASDAQ
tx_0001431,2025-06-09 10:16:55,NFLX,514.51,592,sell,NASDAQ
tx_0002735,2025-06-09 10:16:55,JNJ,170.28,346,sell,NYSE
tx_0000295,2025-06-09 10:16:57,V,219.74,489,buy,NYSE
tx_0008210,2025-06-09 10:16:59,FB,328.09,157,sell,NASDAQ
tx_0009909,2025-06-09 10:17:00,AAPL,150.96,348,sell,NASDAQ
tx_0006723,2025-06-09 10:17:01,MSFT,289.89,929,sell,NASDAQ
tx_0002182,2025-06-09 10:17:01,NVDA,199.47,116,buy,NASDAQ
tx_0000426,2025-06-09 10:17:09,PG,139.27,657,sell,NYSE
tx_0009085,2025-06-09 10:17:15,MA,353.05,818,buy,NYSE
tx_0005876,2025-06-09 10:17:25,NFLX,516.78,837,sell,NASDAQ
tx_0007824,2025-06-09 10:17:28,V,222.06,359,buy,NYSE
tx_0004239,2025-06-09 10:17:30,ADBE,602.17,162,buy,NASDAQ
tx_0003728,2025-06-09 10:17:33,NVDA,198.28,121,sell,NASDAQ
tx_0006123,2025-06-09 10:17:34,PYPL,248.55,523,sell,NASDAQ
tx_0001166,2025-06-09 10:17:36,MCD,247.32,777,sell,NYSE
tx_0004149,2025-06-09 10:17:39,WMT,136.69,534,sell,NYSE
tx_0001001,2025-06-09 10:17:43,DIS,181.48,595,buy,NYSE
tx_0000356,2025-06-09 10:17:44,MA,353.28,776,buy,NYSE
tx_0002277,2025-06-09 10:17:45,DIS,180.72,727,sell,NYSE
tx_0008832,2025-06-09 10:17:49,KO,52.64,875,buy,NYSE
tx_0002746,2025-06-09 10:17:53,MA,353.59,829,buy,NYSE
tx_0000106,2025-06-09 10:17:59,BRK.B,272.69,285,buy,NYSE
tx_0004472,2025-06-09 10:18:03,PG,139.66,645,sell,NYSE
tx_0002791,2025-06-09 10:18:13,MSFT,286.35,591,buy,NASDAQ
tx_0009887,2025-06-09 10:18:13,BRK.B,268.31,982,sell,NYSE
tx_0002370,2025-06-09 10:18:14,MSFT,289.63,651,sell,NASDAQ
tx_0008440,2025-06-09 10:18:16,GOOGL,2743.74,555,buy,NASDAQ
tx_0002043,2025-06-09 10:18:20,MCD,249.82,256,sell,NYSE
tx_0005278,2025-06-09 10:18:21,TSLA,713.48,644,buy,NASDAQ
tx_0006191,2025-06-09 10:18:25,PYPL,249.6,849,sell,NASDAQ
tx_0009527,2025-06-09 10:18:27,AAPL,149.81,357,sell,NASDAQ
tx_0005922,2025-06-09 10:18:28,KO,53.19,184,buy,NYSE
tx_0002867,2025-06-09 10:18:32,GOOGL,2750.36,330,buy,NASDAQ
tx_0009367,2025-06-09 10:18:33,JNJ,169.78,979,buy,NYSE
tx_0002555,2025-06-09 10:18:43,BRK.B,271.3,744,sell,NYSE
tx_0006324,2025-06-09 10:18:48,PEP,146.57,284,sell,NYSE
tx_0005202,2025-06-09 10:18:49,NVDA,201.4,290,buy,NASDAQ
tx_0008821,2025-06-09 10:18:52,WMT,136.26,440,sell,NYSE
tx_0007377,2025-06-09 10:18:54,TSLA,706.12,659,sell,NASDAQ
tx_0001403,2025-06-09 10:18:55,PYPL,250.28,315,sell,NASDAQ
tx_0004009,2025-06-09 10:19:00,ADBE,594.14,246,buy,NASDAQ
tx_0008671,2025-06-09 10:19:01,V,221.27,361,buy,NYSE
tx_0000823,2025-06-09 10:19:02,NVDA,198.19,804,buy,NASDAQ
tx_0001477,2025-06-09 10:19:05,V,221.27,364,sell,NYSE
tx_0006091,2025-06-09 10:19:06,BRK.B,267.72,212,buy,NYSE
tx_0006312,2025-06-09 10:19:07,AAPL,150.93,684,sell,NASDAQ
tx_0003128,2025-06-09 10:19:09,NFLX,507.86,895,buy,NASDAQ
tx_0000926,2025-06-09 10:19:09,MA,354.2,886,sell,NYSE
tx_0002802,2025-06-09 10:19:10,FB,335.63,580,buy,NASDAQ
tx_0006874,2025-06-09 10:19:12,MSFT,285.88,330,buy,NASDAQ
tx_0003874,2025-06-09 10:19:16,GOOGL,2742.62,688,sell,NASDAQ
tx_0007855,2025-06-09 10:19:18,ADBE,590.9,107,sell,NASDAQ
tx_0001514,2025-06-09 10:19:21,NFLX,507.42,974,sell,NASDAQ
tx_0006813,2025-06-09 10:19:22,PG,137.96,253,buy,
tx_0009072,2025-06-09 10:19:29,ADBE,595.6,222,buy,NASDAQ
tx_0000248,2025-06-09 10:19:32,ADBE,594.72,450,buy,NASDAQ
tx_0005242,2025-06-09 10:19:37,PYPL,250.38,590,sell,NASDAQ
tx_0003136,2025-06-09 10:19:48,PYPL,247.62,478,sell,NASDAQ
tx_0001304,2025-06-09 10:19:52,MA,352.53,583,sell,NYSE
tx_0009654,2025-06-09 10:19:53,KO,52.65,618,sell,NYSE
tx_0003061,2025-06-09 10:19:55,ADBE,591.36,634,sell,NASDAQ
tx_0009217,2025-06-09 10:20:00,FB,332.82,749,sell,NASDAQ
tx_0003121,2025-06-09 10:20:00,PYPL,249.36,781,sell,NASDAQ
tx_0004415,2025-06-09 10:20:00,MA,355.95,414,buy,NYSE
tx_0000400,2025-06-09 10:20:03,JNJ,170.31,105,sell,NYSE
tx_0000341,2025-06-09 10:20:06,NVDA,201.39,264,sell,NASDAQ
tx_0005694,2025-06-09 10:20:06,JNJ,169.15,297,sell,NYSE
tx_0007725,2025-06-09 10:20:09,MCD,244.95,577,buy,NYSE
tx_0008456,2025-06-09 10:20:13,GOOGL,,555,buy,NASDAQ
tx_0005846,2025-06-09 10:20:15,AMZN,3544.94,925,sell,NASDAQ
tx_0002777,2025-06-09 10:20:15,DIS,180.68,599,buy,NYSE
tx_0001366,2025-06-09 10:20:18,TSLA,718.24,352,sell,NASDAQ
tx_0006326,2025-06-09 10:20:18,GOOGL,2759.1,317,buy,NASDAQ
tx_0008262,2025-06-09 10:20:18,PYPL,247.54,938,buy,NASDAQ
tx_0004535,2025-06-09 10:20:18,MA,353.86,503,buy,NYSE
tx_0007834,2025-06-09 10:20:23,KO,52.5,560,sell,NYSE
tx_0001736,2025-06-09 10:20:24,PYPL,250.93,127,buy,NASDAQ
tx_0007671,2025-06-09 10:20:29,PG,138.19,175,sell,NYSE
tx_0003071,2025-06-09 10:20:29,PYPL,251.47,500,sell,NASDAQ
tx_0001911,2025-06-09 10:20:30,BRK.B,271.44,285,buy,NYSE
tx_0001959,2025-06-09 10:20:30,NVDA,200.77,739,sell,NASDAQ
tx_0001057,2025-06-09 10:20:32,MSFT,288.56,651,sell,NASDAQ
tx_0004207,2025-06-09 10:20:34,NVDA,199.79,463,sell,NASDAQ
tx_0004861,2025-06-09 10:20:35,AAPL,149.84,358,sell,NASDAQ
tx_0000604,2025-06-09 10:20:39,PYPL,250.79,651,sell,NASDAQ
tx_0002235,2025-06-09 10:20:41,NFLX,504.86,978,sell,NASDAQ
tx_0003339,2025-06-09 10:20:41,JNJ,169.77,283,buy,NYSE
tx_0004052,2025-06-09 10:20:43,JNJ,167.68,296,sell,NYSE
tx_0009214,2025-06-09 10:20:43,FB,335.21,918,buy,NASDAQ
tx_0002371,2025-06-09 10:20:44,MSFT,286.64,203,buy,NASDAQ
tx_0000737,2025-06-09 10:20:46,PEP,146.78,577,sell,NYSE
tx_0009235,2025-06-09 10:20:46,ADBE,596.44,675,sell,NASDAQ
tx_0001861,2025-06-09 10:20:47,PYPL,248.12,742,sell,NASDAQ
tx_0006560,2025-06-09 10:20:48,DIS,180.43,176,sell,NYSE
tx_0008015,2025-06-09 10:20:55,DIS,180.86,128,buy,
tx_0004877,2025-06-09 10:20:55,FB,330.7,547,buy,NASDAQ
tx_0008565,2025-06-09 10:21:05,FB,329.07,546,buy,NASDAQ
tx_0008876,2025-06-09 10:21:06,MSFT,292.23,640,sell,NASDAQ
tx_0003709,2025-06-09 10:21:09,AAPL,150.02,639,buy,NASDAQ
tx_0005626,2025-06-09 10:21:14,KO,52.27,691,sell,NYSE
tx_0005359,2025-06-09 10:21:16,NVDA,200.39,647,sell,NASDAQ
tx_0003462,2025-06-09 10:21:19,AMZN,3532.67,497,sell,NASDAQ
tx_0004035,2025-06-09 10:21:20,TSLA,715.46,425,buy,NASDAQ
tx_0009326,2025-06-09 10:21:27,AMZN,3522.32,765,sell,NASDAQ
tx_0003765,2025-06-09 10:21:28,ADBE,598.81,955,buy,NASDAQ
tx_0004439,2025-06-09 10:21:29,PYPL,246.88,284,buy,NASDAQ
tx_0006627,2025-06-09 10:21:30,DIS,180.33,451,sell,NYSE
tx_0004580,2025-06-09 10:21:37,PYPL,246.04,374,sell,NASDAQ
tx_0006599,2025-06-09 10:21:39,PG,140.78,733,sell,NYSE
tx_0004714,2025-06-09 10:21:43,BRK.B,273.27,451,buy,NYSE
tx_0005277,2025-06-09 10:21:49,MCD,244.15,726,buy,NYSE
tx_0001221,2025-06-09 10:21:52,KO,53.08,676,buy,NYSE
tx_0008828,2025-06-09 10:21:54,WMT,136.56,526,buy,NYSE
tx_0006611,2025-06-09 10:21:59,WMT,135.44,176,sell,NYSE
tx_0003391,2025-06-09 10:22:00,PYPL,248.97,138,buy,NASDAQ
tx_0005435,2025-06-09 10:22:00,DIS,178.63,683,buy,NYSE
tx_0009623,2025-06-09 10:22:02,AAPL,149.96,673,buy,NASDAQ
tx_0008943,2025-06-09 10:22:02,AAPL,152.0,349,sell,NASDAQ
tx_0008881,2025-06-09 10:22:04,FB,331.55,453,sell,NASDAQ
tx_0004801,2025-06-09 10:22:06,JNJ,170.07,188,sell,NYSE
tx_0008602,2025-06-09 10:22:09,AMZN,3562.35,643,buy,NASDAQ
tx_0009287,2025-06-09 10:22:20,MA,357.01,428,sell,NYSE
tx_0008487,2025-06-09 10:22:20,MCD,247.45,751,buy,NYSE
tx_0007021,2025-06-09 10:22:21,BRK.B,271.43,736,buy,
tx_0001607,2025-06-09 10:22:25,DIS,181.19,268,buy,NYSE
tx_0009268,2025-06-09 10:22:28,MCD,245.14,556,sell,NYSE
tx_0008763,2025-06-09 10:22:31,AAPL,150.99,153,sell,NASDAQ
tx_0001561,2025-06-09 10:22:32,PG,139.12,486,sell,NYSE
tx_0003773,2025-06-09 10:22:35,PEP,146.65,312,buy,NYSE
tx_0006896,2025-06-09 10:22:36,AMZN,3505.5,772,sell,NASDAQ
tx_0008533,2025-06-09 10:22:36,ADBE,598.99,965,sell,NASDAQ
tx_0001937,2025-06-09 10:22:37,AMZN,3564.28,493,sell,NASDAQ
tx_0007805,2025-06-09 10:22:38,PEP,147.18,748,buy,NYSE
tx_0000697,2025-06-09 10:22:39,MCD,244.22,450,buy,NYSE
tx_0002575,2025-06-09 10:22:43,NFLX,515.58,793,buy,NASDAQ
tx_0005569,2025-06-09 10:22:43,MCD,247.19,224,sell,NYSE
tx_0005577,2025-06-09 10:22:45,MSFT,290.81,328,sell,NASDAQ
tx_0006408,2025-06-09 10:22:46,PEP,145.71,390,buy,NYSE
tx_0001748,2025-06-09 10:22:48,PG,138.4,196,sell,NYSE
tx_0007545,2025-06-09 10:22:49,MA,352.54,933,buy,NYSE
tx_0004515,2025-06-09 10:22:53,GOOGL,2727.79,432,buy,NASDAQ
tx_0003542,2025-06-09 10:22:58,DIS,180.06,697,sell,NYSE
tx_0005266,2025-06-09 10:23:00,DIS,179.43,393,sell,NYSE
tx_0001749,2025-06-09 10:23:02,V,219.26,714,buy,NYSE
tx_0000967,2025-06-09 10:23:03,V,220.36,112,buy,NYSE
tx_0009349,2025-06-09 10:23:05,TSLA,718.49,817,buy,NASDAQ
tx_0004394,2025-06-09 10:23:09,FB,332.17,805,buy,NASDAQ
tx_0007581,2025-06-09 10:23:10,GOOGL,2752.13,462,buy,NASDAQ
tx_0009656,2025-06-09 10:23:15,V,218.32,174,buy,NYSE
tx_0005351,2025-06-09 10:23:17,GOOGL,2755.14,972,sell,NASDAQ
tx_0008617,2025-06-09 10:23:18,V,221.92,334,sell,NYSE
tx_0003951,2025-06-09 10:23:21,BRK.B,274.3,332,sell,NYSE
tx_0005021,2025-06-09 10:23:24,ADBE,594.54,943,sell,NASDAQ
tx_0004201,2025-06-09 10:23:25,DIS,180.44,798,sell,NYSE
tx_0006637,2025-06-09 10:23:25,PG,139.26,489,sell,NYSE
tx_0000856,2025-06-09 10:23:34,WMT,134.68,301,sell,NYSE
tx_0004556,2025-06-09 10:23:35,BRK.B,276.5,571,sell,NYSE
tx_0004951,2025-06-09 10:23:39,NVDA,200.63,682,sell,NASDAQ
tx_0004136,2025-06-09 10:23:42,JNJ,170.58,669,buy,NYSE
tx_0000200,2025-06-09 10:23:44,MCD,244.47,559,sell,NYSE
tx_0004390,2025-06-09 10:23:44,GOOGL,2732.69,838,buy,NASDAQ
tx_0003753,2025-06-09 10:23:47,NVDA,198.41,236,buy,NASDAQ
tx_0005647,2025-06-09 10:23:47,NFLX,513.96,248,,NASDAQ
tx_0002880,2025-06-09 10:23:49,DIS,178.99,330,sell,NYSE
tx_0000252,2025-06-09 10:23:51,ADBE,599.98,340,sell,NASDAQ
tx_0007617,2025-06-09 10:23:54,PG,139.64,444,buy,NYSE
tx_0007750,2025-06-09 10:23:55,MA,356.06,504,buy,NYSE
tx_0001226,2025-06-09 10:24:00,NVDA,198.62,810,buy,NASDAQ
tx_0002567,2025-06-09 10:24:00,DIS,178.69,520,sell,NYSE
tx_0001068,2025-06-09 10:24:05,BRK.B,273.27,568,buy,NYSE
tx_0009519,2025-06-09 10:24:11,NVDA,200.58,948,buy,NASDAQ
tx_0001465,2025-06-09 10:24:17,MSFT,289.01,168,sell,NASDAQ
tx_0000258,2025-06-09 10:24:17,V,218.04,300,sell,NYSE
tx_0006515,2025-06-09 10:24:18,GOOGL,2732.58,171,sell,NASDAQ
tx_0001685,2025-06-09 10:24:20,FB,335.49,958,sell,NASDAQ
tx_0007414,2025-06-09 10:24:23,AMZN,3520.03,382,sell,NASDAQ
tx_0004904,2025-06-09 10:24:24,AAPL,151.87,106,sell,NASDAQ
tx_0006769,2025-06-09 10:24:25,DIS,178.47,891,buy,NYSE
tx_0007660,2025-06-09 10:24:25,TSLA,720.04,826,buy,NASDAQ
tx_0002222,2025-06-09 10:24:25,MCD,246.19,736,buy,NYSE
tx_0003938,2025-06-09 10:24:25,NVDA,198.11,189,sell,NASDAQ
tx_0000613,2025-06-09 10:24:26,AMZN,3504.01,211,sell,NASDAQ
tx_0000321,2025-06-09 10:24:26,TSLA,715.3,165,sell,NASDAQ
tx_0007854,2025-06-09 10:24:27,GOOGL,2756.56,731,buy,NASDAQ
tx_0008468,2025-06-09 10:24:30,V,219.29,496,buy,NYSE
tx_0007128,2025-06-09 10:24:32,FB,331.03,159,sell,NASDAQ
tx_0000727,2025-06-09 10:24:35,NVDA,201.08,917,buy,NASDAQ
tx_0000499,2025-06-09 10:24:35,PEP,147.46,542,sell,NYSE
tx_0007848,2025-06-09 10:24:38,PEP,148.3,344,buy,NYSE
tx_0000659,2025-06-09 10:24:40,ADBE,604.55,351,sell,NASDAQ
tx_0003611,2025-06-09 10:24:40,WMT,136.77,881,sell,NYSE
tx_0000076,2025-06-09 10:24:41,JNJ,168.73,145,sell,NYSE
tx_0008460,2025-06-09 10:24:43,MCD,245.68,192,sell,NYSE
tx_0005602,2025-06-09 10:24:43,DIS,180.79,913,buy,NYSE
tx_0004162,2025-06-09 10:24:48,PEP,147.43,556,sell,NYSE
tx_0005882,2025-06-09 10:24:50,BRK.B,275.32,841,sell,NYSE
tx_0002543,2025-06-09 10:24:52,DIS,181.19,834,sell,NYSE
tx_0003452,2025-06-09 10:24:54,MCD,249.06,575,sell,NYSE
tx_0006406,2025-06-09 10:24:59,KO,52.28,626,sell,NYSE
tx_0005673,2025-06-09 10:24:59,V,219.73,350,buy,NYSE
tx_0000988,2025-06-09 10:24:59,MCD,247.2,460,buy,NYSE
tx_0001938,2025-06-09 10:24:59,AAPL,148.83,368,buy,NASDAQ
tx_0003148,2025-06-09 10:25:03,KO,52.57,897,buy,NYSE
tx_0000879,2025-06-09 10:25:07,ADBE,599.88,872,buy,NASDAQ
tx_0003206,2025-06-09 10:25:12,MCD,247.77,984,buy,NYSE
tx_0001235,2025-06-09 10:25:16,PEP,148.17,473,sell,NYSE
tx_0009619,2025-06-09 10:25:24,MCD,249.21,981,sell,NYSE
tx_0007647,2025-06-09 10:25:26,BRK.B,274.51,761,buy,NYSE
tx_0006751,2025-06-09 10:25:29,KO,52.36,710,sell,NYSE
tx_0008152,2025-06-09 10:25:29,PG,141.29,144,sell,NYSE
tx_0006999,2025-06-09 10:25:32,DIS,179.48,390,sell,NYSE
tx_0003231,2025-06-09 10:25:37,KO,52.04,478,buy,NYSE
tx_0009594,2025-06-09 10:25:38,MA,354.32,232,buy,NYSE
tx_0007082,2025-06-09 10:25:39,DIS,180.71,257,sell,NYSE
tx_0004381,2025-06-09 10:25:45,WMT,135.02,522,sell,NYSE
tx_0000836,2025-06-09 10:25:45,NFLX,521.43,801,buy,NASDAQ
tx_0005413,2025-06-09 10:25:46,DIS,181.66,776,sell,NYSE
tx_0003847,2025-06-09 10:25:50,NVDA,198.29,704,sell,NASDAQ
tx_0005926,2025-06-09 10:25:50,MSFT,292.75,211,sell,NASDAQ
tx_0008972,2025-06-09 10:25:50,NFLX,514.91,294,buy,NASDAQ
tx_0005932,2025-06-09 10:25:54,ADBE,593.12,736,sell,NASDAQ
tx_0000973,2025-06-09 10:25:55,PEP,146.29,855,sell,NYSE
tx_0001981,2025-06-09 10:25:58,FB,335.01,619,buy,NASDAQ
tx_0007818,2025-06-09 10:26:12,AMZN,,917,sell,NASDAQ
tx_0004893,2025-06-09 10:26:13,PEP,148.7,659,sell,NYSE
tx_0001253,2025-06-09 10:26:13,MSFT,289.24,178,buy,NASDAQ
tx_0000998,2025-06-09 10:26:14,MA,353.18,730,buy,NYSE
tx_0004195,2025-06-09 10:26:16,V,219.33,801,buy,NYSE
tx_0003259,2025-06-09 10:26:20,MSFT,292.03,507,sell,NASDAQ
tx_0005948,2025-06-09 10:26:30,V,220.11,279,buy,NYSE
tx_0001715,2025-06-09 10:26:30,AAPL,149.49,844,buy,NASDAQ
tx_0006871,2025-06-09 10:26:37,AAPL,150.1,489,sell,NASDAQ
tx_0004366,2025-06-09 10:26:38,DIS,182.35,945,buy,NYSE
tx_0004886,2025-06-09 10:26:41,FB,331.55,683,sell,NASDAQ
tx_0001951,2025-06-09 10:26:41,JNJ,169.83,674,buy,NYSE
tx_0004303,2025-06-09 10:26:44,MA,356.11,621,buy,NYSE
tx_0008820,2025-06-09 10:26:47,PG,140.83,277,sell,NYSE
tx_0007943,2025-06-09 10:26:54,PYPL,249.01,273,buy,NASDAQ
tx_0006005,2025-06-09 10:26:56,PYPL,248.35,561,sell,NASDAQ
tx_0009244,2025-06-09 10:27:02,NFLX,513.68,491,sell,NASDAQ
tx_0005427,2025-06-09 10:27:03,PEP,147.43,466,buy,NYSE
tx_0005226,2025-06-09 10:27:06,BRK.B,271.08,706,buy,NYSE
tx_0006573,2025-06-09 10:27:06,AAPL,150.38,927,sell,NASDAQ
tx_0009142,2025-06-09 10:27:11,V,221.1,654,sell,NYSE
tx_0002930,2025-06-09 10:27:12,MCD,247.1,896,sell,NYSE
tx_0008109,2025-06-09 10:27:14,AMZN,3511.07,722,sell,NASDAQ
tx_0003233,2025-06-09 10:27:14,WMT,136.33,261,buy,NYSE
tx_0007676,2025-06-09 10:27:17,AAPL,151.84,692,sell,NASDAQ
tx_0003035,2025-06-09 10:27:19,TSLA,712.72,285,buy,NASDAQ
tx_0009106,2025-06-09 10:27:19,PG,141.35,271,sell,NYSE
tx_0000782,2025-06-09 10:27:21,PEP,148.21,212,buy,NYSE
tx_0003067,2025-06-09 10:27:24,BRK.B,270.84,804,sell,NYSE
tx_0004545,2025-06-09 10:27:25,MCD,249.34,546,sell,NYSE
tx_0001626,2025-06-09 10:27:26,NVDA,200.51,231,sell,NASDAQ
tx_0007046,2025-06-09 10:27:30,V,220.14,356,sell,NYSE
tx_0002188,2025-06-09 10:27:31,KO,52.23,765,buy,NYSE
tx_0001039,2025-06-09 10:27:33,FB,334.16,970,buy,NASDAQ
tx_0002447,2025-06-09 10:27:37,PEP,148.45,560,sell,NYSE
tx_0000521,2025-06-09 10:27:38,MCD,248.38,978,sell,NYSE
tx_0004748,2025-06-09 10:27:40,TSLA,716.77,909,sell,NASDAQ
tx_0003205,2025-06-09 10:27:41,AMZN,3548.39,260,sell,NASDAQ
tx_0004957,2025-06-09 10:27:44,NVDA,200.04,642,buy,NASDAQ
tx_0004887,2025-06-09 10:27:44,MCD,246.01,900,buy,NYSE
tx_0008060,2025-06-09 10:27:45,TSLA,714.03,344,sell,NASDAQ
tx_0008463,2025-06-09 10:27:47,TSLA,719.48,645,buy,NASDAQ
tx_0002886,2025-06-09 10:27:48,AAPL,150.06,833,buy,NASDAQ
tx_0001986,2025-06-09 10:27:49,GOOGL,2763.59,971,sell,NASDAQ
tx_0006550,2025-06-09 10:27:52,MA,356.51,533,sell,NYSE
tx_0009989,2025-06-09 10:27:54,AAPL,150.07,123,sell,NASDAQ
tx_0001805,2025-06-09 10:27:54,GOOGL,2746.65,196,buy,NASDAQ
tx_0005357,2025-06-09 10:27:56,MA,352.13,377,buy,NYSE
tx_0002625,2025-06-09 10:27:56,DIS,179.62,628,buy,NYSE
tx_0004480,2025-06-09 10:27:57,WMT,135.7,815,buy,NYSE
tx_0006109,2025-06-09 10:27:57,PYPL,251.12,753,sell,NASDAQ
tx_0004110,2025-06-09 10:28:06,V,219.87,180,sell,NYSE
tx_0005486,2025-06-09 10:28:08,PG,139.81,259,sell,NYSE
tx_0001950,2025-06-09 10:28:08,DIS,182.42,345,buy,NYSE
tx_0007033,2025-06-09 10:28:13,V,222.29,676,sell,NYSE
tx_0009915,2025-06-09 10:28:14,AAPL,151.34,246,buy,NASDAQ
tx_0002468,2025-06-09 10:28:17,ADBE,598.06,594,buy,NASDAQ
tx_0008934,2025-06-09 10:28:18,MA,354.54,863,buy,NYSE
tx_0005830,2025-06-09 10:28:22,PEP,145.99,230,sell,NYSE
tx_0009065,2025-06-09 10:28:22,FB,334.7,850,buy,NASDAQ
tx_0004962,2025-06-09 10:28:25,BRK.B,271.8,827,buy,NYSE
tx_0003719,2025-06-09 10:28:26,FB,335.79,483,buy,NASDAQ
tx_0009175,2025-06-09 10:28:27,ADBE,604.72,119,buy,NASDAQ
tx_0008989,2025-06-09 10:28:30,PG,139.63,600,buy,NYSE
tx_0007842,2025-06-09 10:28:31,MSFT,291.39,891,buy,NASDAQ
tx_0001883,2025-06-09 10:28:32,BRK.B,274.06,704,buy,NYSE
tx_0002355,2025-06-09 10:28:34,MA,351.02,280,buy,NYSE
tx_0007216,2025-06-09 10:28:37,AAPL,150.43,668,sell,NASDAQ
tx_0009626,2025-06-09 10:28:38,V,223.25,171,sell,NYSE
tx_0009944,2025-06-09 10:28:39,AMZN,3561.43,499,buy,NASDAQ
tx_0000111,2025-06-09 10:28:40,GOOGL,2779.62,710,sell,NASDAQ
tx_0007512,2025-06-09 10:28:41,AMZN,3570.19,877,sell,NASDAQ
tx_0007404,2025-06-09 10:28:41,NFLX,521.28,934,buy,NASDAQ
tx_0008011,2025-06-09 10:28:47,V,223.37,814,buy,NYSE
tx_0008451,2025-06-09 10:28:49,DIS,182.44,272,buy,NYSE
tx_0000363,2025-06-09 10:28:50,GOOGL,2752.09,491,buy,NASDAQ
tx_0008072,2025-06-09 10:28:50,AMZN,3580.19,949,buy,NASDAQ
tx_0005042,2025-06-09 10:28:56,GOOGL,2773.4,626,sell,NASDAQ
tx_0005311,2025-06-09 10:28:56,GOOGL,2759.58,380,buy,NASDAQ
tx_0001773,2025-06-09 10:28:58,AAPL,151.68,436,sell,NASDAQ
tx_0003142,2025-06-09 10:29:00,BRK.B,272.86,498,sell,NYSE
tx_0002985,2025-06-09 10:29:00,ADBE,607.68,742,buy,NASDAQ
tx_0003434,2025-06-09 10:29:03,NVDA,199.59,422,sell,NASDAQ
tx_0006976,2025-06-09 10:29:03,PYPL,252.27,960,sell,NASDAQ
tx_0003917,2025-06-09 10:29:06,ADBE,603.08,779,sell,NASDAQ
tx_0009834,2025-06-09 10:29:06,NVDA,199.67,442,sell,NASDAQ
tx_0004585,2025-06-09 10:29:07,NVDA,201.08,313,buy,NASDAQ
tx_0003936,2025-06-09 10:29:11,NFLX,518.69,617,buy,NASDAQ
tx_0005774,2025-06-09 10:29:11,DIS,181.04,801,buy,NYSE
tx_0008618,2025-06-09 10:29:20,PEP,147.43,433,buy,NYSE
tx_0009238,2025-06-09 10:29:24,GOOGL,2802.45,756,buy,NASDAQ
tx_0004615,2025-06-09 10:29:25,DIS,180.24,362,sell,NYSE
tx_0006076,2025-06-09 10:29:28,GOOGL,2784.61,306,sell,NASDAQ
tx_0008130,2025-06-09 10:29:29,JNJ,167.03,506,buy,NYSE
tx_0000968,2025-06-09 10:29:31,NVDA,199.6,700,sell,NASDAQ
tx_0002569,2025-06-09 10:29:31,KO,52.16,697,sell,NYSE
tx_0007023,2025-06-09 10:29:38,JNJ,166.77,719,buy,NYSE
tx_0001945,2025-06-09 10:29:39,MA,352.19,192,buy,NYSE
tx_0009556,2025-06-09 10:29:43,FB,335.18,626,sell,NASDAQ
tx_0007194,2025-06-09 10:29:43,WMT,136.38,810,buy,NYSE
tx_0009007,2025-06-09 10:29:43,PYPL,252.54,719,buy,NASDAQ
tx_0009298,2025-06-09 10:29:43,NVDA,199.81,119,buy,NASDAQ
tx_0004900,2025-06-09 10:29:44,PEP,148.37,988,sell,NYSE
tx_0007973,2025-06-09 10:29:46,MCD,246.7,805,sell,NYSE
tx_0007967,2025-06-09 10:29:46,ADBE,599.06,868,sell,NASDAQ
tx_0007235,2025-06-09 10:29:49,PG,138.63,105,buy,NYSE
tx_0005264,2025-06-09 10:29:50,PEP,146.56,579,buy,NYSE
tx_0001900,2025-06-09 10:29:58,TSLA,717.45,451,buy,NASDAQ
tx_0004522,2025-06-09 10:30:00,PEP,146.32,492,buy,NYSE
tx_0000218,2025-06-09 10:30:04,PEP,146.17,691,buy,NYSE
tx_0007246,2025-06-09 10:30:06,AAPL,149.96,725,sell,NASDAQ
tx_0000109,2025-06-09 10:30:13,WMT,136.46,756,buy,NYSE
tx_0001532,2025-06-09 10:30:14,JNJ,166.04,764,sell,NYSE
tx_0008755,2025-06-09 10:30:17,JNJ,166.1,943,sell,NYSE
tx_0004553,2025-06-09 10:30:19,PEP,147.44,420,sell,NYSE
tx_0007578,2025-06-09 10:30:22,MA,358.08,223,sell,NYSE
tx_0002478,2025-06-09 10:30:29,MSFT,291.66,943,sell,NASDAQ
tx_0006831,2025-06-09 10:30:30,PYPL,253.03,320,sell,NASDAQ
tx_0006739,2025-06-09 10:30:35,MA,350.94,833,buy,NYSE
tx_0002761,2025-06-09 10:30:36,FB,335.5,333,sell,NASDAQ
tx_0008211,2025-06-09 10:30:37,MSFT,291.07,152,sell,NASDAQ
tx_0001261,2025-06-09 10:30:38,AMZN,3508.46,370,buy,NASDAQ
tx_0000918,2025-06-09 10:30:48,MSFT,289.97,213,sell,NASDAQ
tx_0004338,2025-06-09 10:30:49,PYPL,250.74,636,sell,NASDAQ
tx_0005551,2025-06-09 10:30:53,MA,356.89,176,buy,NYSE
tx_0002839,2025-06-09 10:31:04,GOOGL,2803.68,784,sell,NASDAQ
tx_0008647,2025-06-09 10:31:09,MA,353.67,691,sell,NYSE
tx_0007998,2025-06-09 10:31:09,DIS,182.72,905,sell,NYSE
tx_0000754,2025-06-09 10:31:11,AAPL,151.57,278,sell,NASDAQ
tx_0005777,2025-06-09 10:31:16,PEP,148.18,505,sell,NYSE
tx_0000489,2025-06-09 10:31:16,TSLA,716.08,495,buy,NASDAQ
tx_0006638,2025-06-09 10:31:16,NVDA,199.14,135,buy,NASDAQ
tx_0003282,2025-06-09 10:31:17,AMZN,3513.93,724,sell,NASDAQ
tx_0001729,2025-06-09 10:31:19,MCD,244.68,227,sell,NYSE
tx_0001806,2025-06-09 10:31:27,BRK.B,273.66,238,sell,NYSE
tx_0009412,2025-06-09 10:31:32,GOOGL,2817.8,806,sell,NASDAQ
tx_0009790,2025-06-09 10:31:35,AMZN,3516.08,679,buy,NASDAQ
tx_0000485,2025-06-09 10:31:35,GOOGL,2776.12,247,sell,NASDAQ
tx_0006077,2025-06-09 10:31:38,PG,137.74,893,buy,NYSE
tx_0009255,2025-06-09 10:31:40,PYPL,250.5,242,sell,NASDAQ
tx_0004078,2025-06-09 10:31:41,NFLX,515.05,980,sell,NASDAQ
tx_0008644,2025-06-09 10:31:42,MSFT,289.37,513,sell,NASDAQ
tx_0009577,2025-06-09 10:31:48,PYPL,249.63,527,sell,NASDAQ
tx_0003556,2025-06-09 10:31:48,FB,331.0,780,sell,NASDAQ
tx_0000331,2025-06-09 10:31:51,GOOGL,2766.93,573,buy,NASDAQ
tx_0005778,2025-06-09 10:31:52,PYPL,252.61,498,buy,NASDAQ
tx_0009911,2025-06-09 10:31:52,PG,140.19,713,buy,NYSE
tx_0005619,2025-06-09 10:31:53,DIS,182.77,744,buy,NYSE
tx_0002578,2025-06-09 10:31:57,PYPL,251.69,616,buy,NASDAQ
tx_0009079,2025-06-09 10:32:04,V,225.76,492,buy,NYSE
tx_0005809,2025-06-09 10:32:05,ADBE,595.09,112,buy,NASDAQ
tx_0002106,2025-06-09 10:32:11,MCD,247.3,375,sell,NYSE
tx_0003707,2025-06-09 10:32:28,AAPL,151.06,166,buy,NASDAQ
tx_0005643,2025-06-09 10:32:30,PYPL,249.29,923,buy,NASDAQ
tx_0004192,2025-06-09 10:32:32,BRK.B,271.41,689,buy,NYSE
tx_0003925,2025-06-09 10:32:33,PYPL,250.17,478,buy,NASDAQ
tx_0005813,2025-06-09 10:32:36,MA,358.08,692,buy,NYSE
tx_0003200,2025-06-09 10:32:39,TSLA,715.76,308,buy,NASDAQ
tx_0001412,2025-06-09 10:32:40,V,224.61,847,sell,NYSE
tx_0002134,2025-06-09 10:32:44,NFLX,518.71,263,buy,NASDAQ
tx_0007623,2025-06-09 10:32:45,TSLA,721.93,541,sell,NASDAQ
tx_0008424,2025-06-09 10:32:48,MCD,243.59,891,buy,NYSE
tx_0009066,2025-06-09 10:32:48,NFLX,513.36,362,sell,NASDAQ
tx_0002591,2025-06-09 10:32:50,NFLX,516.11,116,buy,NASDAQ
tx_0004284,2025-06-09 10:32:57,DIS,183.28,618,buy,NYSE
tx_0002577,2025-06-09 10:33:01,PEP,147.1,856,sell,NYSE
tx_0004746,2025-06-09 10:33:02,MSFT,292.94,707,buy,NASDAQ
tx_0007881,2025-06-09 10:33:03,WMT,139.07,287,sell,NYSE
tx_0003967,2025-06-09 10:33:04,PYPL,252.94,464,buy,NASDAQ
tx_0007328,2025-06-09 10:33:05,FB,334.0,287,sell,NASDAQ
tx_0001892,2025-06-09 10:33:06,PG,139.62,488,sell,NYSE
tx_0001360,2025-06-09 10:33:07,PG,139.48,725,sell,NYSE
tx_0006126,2025-06-09 10:33:09,GOOGL,2761.26,736,,NASDAQ
tx_0008426,2025-06-09 10:33:11,PEP,147.51,179,sell,NYSE
tx_0007273,2025-06-09 10:33:15,MSFT,288.85,703,sell,NASDAQ
tx_0005012,2025-06-09 10:33:15,AAPL,149.99,352,sell,NASDAQ
tx_0004017,2025-06-09 10:33:17,PG,140.53,497,sell,NYSE
tx_0008689,2025-06-09 10:33:18,PYPL,252.68,594,sell,NASDAQ
tx_0001504,2025-06-09 10:33:18,KO,52.13,985,sell,NYSE
tx_0005380,2025-06-09 10:33:22,MSFT,288.85,473,buy,NASDAQ
tx_0003852,2025-06-09 10:33:25,V,224.91,734,sell,NYSE
tx_0001346,2025-06-09 10:33:26,PEP,146.04,429,sell,NYSE
tx_0002651,2025-06-09 10:33:26,TSLA,714.34,238,buy,NASDAQ
tx_0002051,2025-06-09 10:33:29,NVDA,200.19,779,buy,NASDAQ
tx_0001328,2025-06-09 10:33:35,ADBE,606.76,518,buy,NASDAQ
tx_0002152,2025-06-09 10:33:36,PYPL,249.94,210,sell,NASDAQ
tx_0003064,2025-06-09 10:33:41,PEP,146.02,814,sell,NYSE
tx_0004698,2025-06-09 10:33:42,JNJ,167.65,233,buy,NYSE
tx_0005790,2025-06-09 10:33:44,PYPL,249.59,147,buy,NASDAQ
tx_0006144,2025-06-09 10:33:50,PYPL,249.47,271,buy,NASDAQ
tx_0001995,2025-06-09 10:33:58,DIS,181.45,484,buy,NYSE
tx_0006574,2025-06-09 10:34:01,MCD,243.2,182,buy,NYSE
tx_0008421,2025-06-09 10:34:01,NVDA,198.34,865,buy,NASDAQ
tx_0000726,2025-06-09 10:34:06,TSLA,717.62,762,buy,NASDAQ
tx_0009051,2025-06-09 10:34:07,WMT,138.79,823,buy,NYSE
tx_0004011,2025-06-09 10:34:09,BRK.B,273.04,137,buy,NYSE
tx_0006322,2025-06-09 10:34:10,MCD,244.61,872,buy,NYSE
tx_0002874,2025-06-09 10:34:10,BRK.B,273.85,619,sell,NYSE
tx_0002565,2025-06-09 10:34:13,AAPL,150.13,422,sell,NASDAQ
tx_0001814,2025-06-09 10:34:14,MCD,244.8,388,buy,NYSE
tx_0001578,2025-06-09 10:34:15,PG,140.24,572,buy,NYSE
tx_0001935,2025-06-09 10:34:19,NVDA,197.17,435,buy,NASDAQ
tx_0000683,2025-06-09 10:34:20,NVDA,200.7,489,sell,NASDAQ
tx_0005554,2025-06-09 10:34:23,AMZN,3564.77,783,buy,NASDAQ
tx_0006458,2025-06-09 10:34:26,FB,334.37,313,sell,NASDAQ
tx_0005072,2025-06-09 10:34:27,BRK.B,269.8,412,sell,NYSE
tx_0007850,2025-06-09 10:34:27,JNJ,166.38,655,buy,NYSE
tx_0005528,2025-06-09 10:34:29,JNJ,166.95,541,buy,NYSE
tx_0003572,2025-06-09 10:34:30,WMT,139.34,632,buy,NYSE
tx_0002160,2025-06-09 10:34:32,ADBE,597.64,510,buy,NASDAQ
tx_0004099,2025-06-09 10:34:33,PYPL,248.46,435,buy,NASDAQ
tx_0004892,2025-06-09 10:34:40,ADBE,600.76,824,sell,NASDAQ
tx_0009693,2025-06-09 10:34:44,MA,354.42,535,buy,NYSE
tx_0001987,2025-06-09 10:34:51,NFLX,513.04,473,buy,NASDAQ
tx_0003050,2025-06-09 10:34:51,JNJ,166.42,800,sell,NYSE
tx_0006285,2025-06-09 10:34:56,NVDA,199.35,596,sell,NASDAQ
tx_0002794,2025-06-09 10:34:58,NVDA,199.63,854,buy,NASDAQ
tx_0009417,2025-06-09 10:35:06,MSFT,287.46,701,buy,NASDAQ
tx_0003595,2025-06-09 10:35:08,PG,138.69,135,buy,NYSE
tx_0001345,2025-06-09 10:35:08,PG,138.95,473,sell,NYSE
tx_0008504,2025-06-09 10:35:09,PEP,147.12,633,sell,NYSE
tx_0003038,2025-06-09 10:35:09,FB,333.73,772,sell,NASDAQ
tx_0006455,2025-06-09 10:35:10,KO,51.91,956,buy,NYSE
tx_0001118,2025-06-09 10:35:11,TSLA,716.34,415,sell,NASDAQ
tx_0009223,2025-06-09 10:35:18,MA,354.58,678,buy,NYSE
tx_0005212,2025-06-09 10:35:18,MSFT,287.31,474,sell,NASDAQ
tx_0002407,2025-06-09 10:35:20,PEP,147.83,839,buy,NYSE
tx_0000756,2025-06-09 10:35:26,PEP,145.84,444,sell,NYSE
tx_0002121,2025-06-09 10:35:27,MCD,246.68,232,buy,NYSE
tx_0005370,2025-06-09 10:35:29,NVDA,199.77,630,sell,NASDAQ
tx_0007169,2025-06-09 10:35:31,PYPL,249.76,295,sell,NASDAQ
tx_0007526,2025-06-09 10:35:34,MCD,245.82,214,sell,NYSE
tx_0000443,2025-06-09 10:35:35,NVDA,197.0,182,buy,NASDAQ
tx_0002081,2025-06-09 10:35:36,MCD,245.0,820,buy,NYSE
tx_0007247,2025-06-09 10:35:42,GOOGL,2762.87,881,sell,NASDAQ
tx_0009324,2025-06-09 10:35:49,V,222.26,180,buy,NYSE
tx_0006604,2025-06-09 10:35:54,MA,357.87,870,buy,NYSE
tx_0001673,2025-06-09 10:35:54,TSLA,717.64,197,buy,NASDAQ
tx_0005491,2025-06-09 10:35:55,AMZN,3492.15,904,sell,NASDAQ
tx_0009727,2025-06-09 10:35:56,FB,328.84,651,buy,NASDAQ
tx_0004891,2025-06-09 10:35:58,PYPL,249.79,259,sell,NASDAQ
tx_0008404,2025-06-09 10:36:02,KO,51.9,386,sell,NYSE
tx_0007027,2025-06-09 10:36:02,ADBE,606.49,493,sell,NASDAQ
tx_0005169,2025-06-09 10:36:03,AMZN,3514.02,834,buy,NASDAQ
tx_0006147,2025-06-09 10:36:04,MCD,246.35,800,sell,NYSE
tx_0000015,2025-06-09 10:36:11,KO,52.09,164,buy,NYSE
tx_0004206,2025-06-09 10:36:12,NVDA,200.62,188,sell,NASDAQ
tx_0006155,2025-06-09 10:36:13,PG,139.17,958,buy,NYSE
tx_0000708,2025-06-09 10:36:14,ADBE,602.33,491,buy,NASDAQ
tx_0002503,2025-06-09 10:36:15,KO,52.26,686,sell,NYSE
tx_0005633,2025-06-09 10:36:18,NFLX,514.11,259,sell,NASDAQ
tx_0005963,2025-06-09 10:36:20,BRK.B,270.93,648,buy,NYSE
tx_0003417,2025-06-09 10:36:23,JNJ,168.47,502,sell,NYSE
tx_0000885,2025-06-09 10:36:25,NFLX,514.86,991,sell,NASDAQ
tx_0008969,2025-06-09 10:36:28,NVDA,199.41,762,buy,NASDAQ
tx_0002606,2025-06-09 10:36:29,V,222.24,587,sell,NYSE
tx_0004915,2025-06-09 10:36:29,JNJ,165.43,574,buy,NYSE
tx_0002977,2025-06-09 10:36:34,NVDA,199.72,352,sell,NASDAQ
tx_0004335,2025-06-09 10:36:34,WMT,138.46,984,sell,NYSE
tx_0005417,2025-06-09 10:36:35,PG,139.62,549,sell,NYSE
tx_0007920,2025-06-09 10:36:35,TSLA,718.72,336,,NASDAQ
tx_0008767,2025-06-09 10:36:35,NFLX,517.59,595,sell,NASDAQ
tx_0009145,2025-06-09 10:36:38,DIS,181.17,307,buy,NYSE
tx_0000628,2025-06-09 10:36:40,ADBE,598.51,443,buy,NASDAQ
tx_0002509,2025-06-09 10:36:45,FB,333.01,837,buy,NASDAQ
tx_0003332,2025-06-09 10:36:46,WMT,140.44,244,sell,NYSE
tx_0009808,2025-06-09 10:36:56,TSLA,719.79,165,sell,NASDAQ
tx_0000201,2025-06-09 10:36:57,JNJ,165.36,775,,NYSE
tx_0002339,2025-06-09 10:36:57,ADBE,603.13,352,buy,NASDAQ
tx_0001782,2025-06-09 10:37:07,JNJ,166.39,513,buy,NYSE
tx_0004552,2025-06-09 10:37:08,FB,334.84,263,sell,NASDAQ
tx_0001544,2025-06-09 10:37:15,PYPL,250.9,300,sell,NASDAQ
tx_0009442,2025-06-09 10:37:16,AMZN,3531.04,759,sell,NASDAQ
tx_0009291,2025-06-09 10:37:19,GOOGL,2804.25,842,buy,NASDAQ
tx_0004858,2025-06-09 10:37:23,GOOGL,2770.78,174,sell,NASDAQ
tx_0008122,2025-06-09 10:37:26,AMZN,3500.75,632,sell,NASDAQ
tx_0003115,2025-06-09 10:37:28,JNJ,165.97,505,buy,NYSE
tx_0006480,2025-06-09 10:37:29,MA,357.41,173,buy,NYSE
tx_0001299,2025-06-09 10:37:29,FB,335.99,530,sell,NASDAQ
tx_0005986,2025-06-09 10:37:30,MCD,243.32,481,sell,NYSE
tx_0006112,2025-06-09 10:37:31,MSFT,289.79,457,buy,NASDAQ
tx_0009170,2025-06-09 10:37:35,MCD,244.79,848,buy,NYSE
tx_0007132,2025-06-09 10:37:37,BRK.B,273.56,250,buy,NYSE
tx_0000908,2025-06-09 10:37:40,NVDA,199.11,947,sell,NASDAQ
tx_0008151,2025-06-09 10:37:47,PG,138.52,531,buy,NYSE
tx_0004388,2025-06-09 10:37:48,FB,330.82,274,sell,NASDAQ
tx_0004537,2025-06-09 10:37:49,PEP,147.18,553,buy,NYSE
tx_0002208,2025-06-09 10:37:50,MCD,244.91,714,sell,NYSE
tx_0002903,2025-06-09 10:37:50,PYPL,249.96,896,buy,NASDAQ
tx_0007196,2025-06-09 10:37:53,V,223.12,949,sell,NYSE
tx_0004572,2025-06-09 10:37:55,AAPL,150.43,589,buy,NASDAQ
tx_0000488,2025-06-09 10:37:59,BRK.B,274.34,601,buy,NYSE
tx_0000852,2025-06-09 10:38:00,AMZN,3499.92,360,sell,NASDAQ
tx_0005553,2025-06-09 10:38:00,MA,358.42,645,sell,NYSE
tx_0002273,2025-06-09 10:38:01,AMZN,3526.15,968,sell,NASDAQ
tx_0002402,2025-06-09 10:38:03,PEP,145.31,708,buy,NYSE
tx_0002920,2025-06-09 10:38:04,PEP,147.62,770,sell,NYSE
tx_0009004,2025-06-09 10:38:08,AMZN,3498.29,706,sell,NASDAQ
tx_0001688,2025-06-09 10:38:09,PYPL,249.04,186,,NASDAQ
tx_0004869,2025-06-09 10:38:12,FB,332.2,987,buy,NASDAQ
tx_0008535,2025-06-09 10:38:15,WMT,138.1,641,sell,NYSE
tx_0007770,2025-06-09 10:38:17,BRK.B,274.31,906,sell,NYSE
tx_0008430,2025-06-09 10:38:17,KO,52.49,407,sell,NYSE
tx_0002528,2025-06-09 10:38:30,AMZN,3544.33,693,buy,NASDAQ
tx_0008080,2025-06-09 10:38:30,WMT,140.43,686,buy,NYSE
tx_0008769,2025-06-09 10:38:31,ADBE,599.51,145,sell,NASDAQ
