transaction_id,timestamp,stock_symbol,price,quantity,order_type,exchange
tx_0009674,2025-06-20 09:30:04,AMZN,3468.65,510.0,buy,NASDAQ
tx_0005299,2025-06-20 09:30:05,KO,54.56,,sell,NYSE
tx_0001316,2025-06-20 09:30:08,PG,138.72,298.0,buy,NYSE
tx_0004729,2025-06-20 09:30:16,MCD,250.45,678.0,buy,NYSE
tx_0008371,2025-06-20 09:30:17,WMT,138.82,926.0,buy,NYSE
tx_0006425,2025-06-20 09:30:28,GOOGL,2826.84,133.0,buy,NASDAQ
tx_0007168,2025-06-20 09:30:32,JNJ,171.57,813.0,buy,NYSE
tx_0000978,2025-06-20 09:30:33,AMZN,3459.63,618.0,buy,NASDAQ
tx_0001870,2025-06-20 09:30:35,MSFT,302.22,953.0,buy,NASDAQ
tx_0008865,2025-06-20 09:30:36,PG,141.54,500.0,sell,NYSE
tx_0006092,2025-06-20 09:30:41,MCD,248.3,805.0,buy,NYSE
tx_0003238,2025-06-20 09:30:45,KO,55.07,263.0,sell,NYSE
tx_0004290,2025-06-20 09:30:46,V,218.65,532.0,buy,NYSE
tx_0001468,2025-06-20 09:30:47,AAPL,150.51,84.0,buy,NASDAQ
tx_0008654,2025-06-20 09:30:48,FB,332.56,1000.0,,NASDAQ
tx_0001077,2025-06-20 09:30:50,NFLX,501.77,695.0,buy,NASDAQ
tx_0007087,2025-06-20 09:30:52,JNJ,172.13,636.0,sell,NYSE
tx_0008410,2025-06-20 09:30:52,V,218.39,111.0,buy,NYSE
tx_0008954,2025-06-20 09:30:52,DIS,178.27,890.0,buy,NYSE
tx_0005034,2025-06-20 09:30:54,BRK.B,281.49,368.0,sell,NYSE
tx_0001588,2025-06-20 09:30:55,GOOGL,2786.05,801.0,sell,NASDAQ
tx_0007408,2025-06-20 09:30:56,AMZN,3516.1,920.0,sell,NASDAQ
tx_0008425,2025-06-20 09:30:56,PG,139.67,714.0,sell,NYSE
tx_0002216,2025-06-20 09:30:59,PG,141.0,789.0,buy,NYSE
tx_0006757,2025-06-20 09:30:59,NVDA,201.01,807.0,buy,NASDAQ
tx_0005018,2025-06-20 09:31:01,TSLA,700.17,732.0,sell,NASDAQ
tx_0006397,2025-06-20 09:31:01,AMZN,3506.95,967.0,buy,NASDAQ
tx_0005911,2025-06-20 09:31:02,JNJ,171.91,140.0,buy,NYSE
tx_0005363,2025-06-20 09:31:10,FB,327.8,213.0,buy,NASDAQ
tx_0002753,2025-06-20 09:31:12,NFLX,498.54,338.0,buy,NASDAQ
tx_0001473,2025-06-20 09:31:15,TSLA,704.04,800.0,buy,NASDAQ
tx_0001216,2025-06-20 09:31:16,WMT,139.99,478.0,buy,NYSE
tx_0009002,2025-06-20 09:31:17,MSFT,297.64,133.0,buy,NASDAQ
tx_0008210,2025-06-20 09:31:17,MCD,246.65,361.0,buy,NYSE
tx_0001017,2025-06-20 09:31:18,ADBE,594.03,194.0,sell,NASDAQ
tx_0007104,2025-06-20 09:31:18,MCD,250.61,720.0,buy,NYSE
tx_0008205,2025-06-20 09:31:21,PEP,149.57,110.0,buy,NYSE
tx_0002992,2025-06-20 09:31:23,AMZN,3470.58,584.0,sell,NASDAQ
tx_0009538,2025-06-20 09:31:24,BRK.B,280.77,960.0,sell,NYSE
tx_0002164,2025-06-20 09:31:25,JNJ,172.43,879.0,buy,NYSE
tx_0003221,2025-06-20 09:31:25,PG,139.93,915.0,sell,NYSE
tx_0009703,2025-06-20 09:31:31,NVDA,200.0,635.0,buy,NASDAQ
tx_0008324,2025-06-20 09:31:32,NFLX,502.09,458.0,sell,NASDAQ
tx_0004603,2025-06-20 09:31:33,PG,140.26,833.0,buy,NYSE
tx_0006907,2025-06-20 09:31:33,MA,351.03,1.0,buy,NYSE
tx_0002718,2025-06-20 09:31:37,JNJ,171.03,982.0,buy,NYSE
tx_0005867,2025-06-20 09:31:40,AMZN,3482.59,522.0,sell,NASDAQ
tx_0007679,2025-06-20 09:31:41,NVDA,202.49,388.0,buy,NASDAQ
tx_0002386,2025-06-20 09:31:42,KO,54.71,358.0,sell,NYSE
tx_0008594,2025-06-20 09:31:44,ADBE,601.22,856.0,sell,NASDAQ
tx_0005482,2025-06-20 09:31:44,PG,140.2,12.0,buy,NYSE
tx_0005292,2025-06-20 09:31:45,NFLX,501.02,536.0,buy,NASDAQ
tx_0004772,2025-06-20 09:31:46,JNJ,171.04,250.0,buy,NYSE
tx_0000435,2025-06-20 09:31:51,DIS,178.27,824.0,sell,NYSE
tx_0003500,2025-06-20 09:31:52,PEP,149.12,507.0,sell,NYSE
tx_0002162,2025-06-20 09:31:52,BRK.B,280.19,329.0,sell,NYSE
tx_0005742,2025-06-20 09:31:53,DIS,180.64,441.0,buy,NYSE
tx_0009081,2025-06-20 09:31:53,AAPL,149.66,962.0,sell,NASDAQ
tx_0002158,2025-06-20 09:31:53,MCD,250.52,409.0,sell,NYSE
tx_0000205,2025-06-20 09:31:54,KO,54.52,306.0,sell,NYSE
tx_0005736,2025-06-20 09:31:54,MCD,250.83,388.0,buy,NYSE
tx_0007015,2025-06-20 09:31:59,GOOGL,2777.57,700.0,buy,NASDAQ
tx_0005012,2025-06-20 09:31:59,MCD,247.21,316.0,buy,NYSE
tx_0002151,2025-06-20 09:32:00,ADBE,601.96,576.0,buy,NASDAQ
tx_0000701,2025-06-20 09:32:02,MSFT,299.96,12.0,buy,NASDAQ
tx_0000799,2025-06-20 09:32:04,MSFT,301.95,793.0,sell,NASDAQ
tx_0000493,2025-06-20 09:32:05,MA,352.59,978.0,sell,NYSE
tx_0005704,2025-06-20 09:32:05,KO,54.5,612.0,buy,NYSE
tx_0004873,2025-06-20 09:32:08,AAPL,150.05,113.0,buy,NASDAQ
tx_0001634,2025-06-20 09:32:09,GOOGL,2804.86,636.0,buy,NASDAQ
tx_0002881,2025-06-20 09:32:10,ADBE,600.92,868.0,buy,NASDAQ
tx_0002102,2025-06-20 09:32:12,FB,328.99,703.0,sell,NASDAQ
tx_0009754,2025-06-20 09:32:18,GOOGL,2822.78,360.0,buy,NASDAQ
tx_0001402,2025-06-20 09:32:21,BRK.B,278.97,900.0,buy,NYSE
tx_0005573,2025-06-20 09:32:22,WMT,140.85,5.0,buy,NYSE
tx_0004214,2025-06-20 09:32:25,PYPL,250.51,218.0,buy,NASDAQ
tx_0006388,2025-06-20 09:32:31,PYPL,248.9,15.0,sell,NASDAQ
tx_0007070,2025-06-20 09:32:33,V,218.38,838.0,sell,NYSE
tx_0004750,2025-06-20 09:32:33,TSLA,701.53,29.0,sell,NASDAQ
tx_0008158,2025-06-20 09:32:34,WMT,140.16,181.0,buy,NYSE
tx_0008473,2025-06-20 09:32:40,JNJ,169.84,88.0,sell,NYSE
tx_0009454,2025-06-20 09:32:44,NVDA,204.09,934.0,buy,NASDAQ
tx_0001982,2025-06-20 09:32:50,DIS,,572.0,sell,NYSE
tx_0008422,2025-06-20 09:32:50,MSFT,300.69,188.0,sell,NASDAQ
tx_0000040,2025-06-20 09:32:54,ADBE,595.84,910.0,buy,NASDAQ
tx_0003550,2025-06-20 09:32:55,MSFT,299.27,378.0,buy,NASDAQ
tx_0005461,2025-06-20 09:32:57,KO,54.54,61.0,sell,NYSE
tx_0008512,2025-06-20 09:32:57,AMZN,3451.99,115.0,sell,NASDAQ
tx_0009700,2025-06-20 09:32:59,NFLX,504.23,63.0,buy,NASDAQ
tx_0003633,2025-06-20 09:33:00,MCD,247.67,717.0,buy,NYSE
tx_0002807,2025-06-20 09:33:02,ADBE,603.94,649.0,sell,NASDAQ
tx_0006190,2025-06-20 09:33:03,PYPL,253.01,829.0,buy,NASDAQ
tx_0007388,2025-06-20 09:33:04,JNJ,169.87,866.0,sell,NYSE
tx_0004642,2025-06-20 09:33:06,PYPL,250.57,806.0,buy,NASDAQ
tx_0006807,2025-06-20 09:33:11,GOOGL,2807.94,146.0,sell,NASDAQ
tx_0006112,2025-06-20 09:33:12,PYPL,248.47,223.0,sell,NASDAQ
tx_0009330,2025-06-20 09:33:13,MSFT,298.7,520.0,buy,NASDAQ
tx_0006508,2025-06-20 09:33:13,PG,141.09,191.0,sell,NYSE
tx_0000397,2025-06-20 09:33:14,KO,54.75,392.0,buy,NYSE
tx_0001399,2025-06-20 09:33:18,PG,140.62,239.0,sell,NYSE
tx_0008567,2025-06-20 09:33:19,FB,330.44,105.0,buy,NASDAQ
tx_0006347,2025-06-20 09:33:19,PEP,150.17,690.0,buy,NYSE
tx_0005572,2025-06-20 09:33:19,MA,351.74,348.0,buy,NYSE
tx_0004257,2025-06-20 09:33:19,TSLA,702.82,33.0,sell,NASDAQ
tx_0008617,2025-06-20 09:33:26,V,220.05,266.0,buy,NYSE
tx_0001456,2025-06-20 09:33:28,MSFT,301.03,625.0,buy,NASDAQ
tx_0001872,2025-06-20 09:33:28,ADBE,601.21,648.0,buy,NASDAQ
tx_0001384,2025-06-20 09:33:32,V,221.08,503.0,buy,NYSE
tx_0009531,2025-06-20 09:33:33,AAPL,150.68,108.0,buy,NASDAQ
tx_0002057,2025-06-20 09:33:36,AAPL,151.38,185.0,sell,NASDAQ
tx_0003390,2025-06-20 09:33:39,ADBE,599.55,375.0,sell,
tx_0005143,2025-06-20 09:33:43,AAPL,151.16,955.0,buy,NASDAQ
tx_0008863,2025-06-20 09:33:55,NVDA,202.72,509.0,sell,NASDAQ
tx_0009580,2025-06-20 09:33:57,BRK.B,281.74,328.0,sell,NYSE
tx_0005665,2025-06-20 09:33:57,PEP,150.28,107.0,sell,NYSE
tx_0007288,2025-06-20 09:34:00,MA,355.91,507.0,buy,NYSE
tx_0008649,2025-06-20 09:34:04,MSFT,298.53,346.0,sell,NASDAQ
tx_0003222,2025-06-20 09:34:13,KO,54.44,353.0,buy,NYSE
tx_0003594,2025-06-20 09:34:15,FB,330.51,84.0,buy,NASDAQ
tx_0003938,2025-06-20 09:34:18,PEP,,644.0,sell,NYSE
tx_0004794,2025-06-20 09:34:22,MSFT,297.62,887.0,sell,NASDAQ
tx_0003185,2025-06-20 09:34:25,PYPL,248.88,799.0,sell,NASDAQ
tx_0003858,2025-06-20 09:34:26,JNJ,170.84,915.0,buy,NYSE
tx_0000389,2025-06-20 09:34:27,PYPL,251.64,481.0,buy,NASDAQ
tx_0009760,2025-06-20 09:34:32,PEP,149.3,125.0,buy,NYSE
tx_0002267,2025-06-20 09:34:43,DIS,178.96,349.0,sell,NYSE
tx_0008613,2025-06-20 09:34:44,GOOGL,2809.93,697.0,sell,NASDAQ
tx_0006850,2025-06-20 09:34:45,BRK.B,282.38,19.0,sell,NYSE
tx_0005139,2025-06-20 09:34:47,MSFT,297.89,985.0,sell,NASDAQ
tx_0008153,2025-06-20 09:34:48,FB,329.4,38.0,sell,NASDAQ
tx_0009551,2025-06-20 09:34:49,MCD,249.57,805.0,sell,NYSE
tx_0005206,2025-06-20 09:34:51,JNJ,171.92,302.0,sell,NYSE
tx_0006995,2025-06-20 09:34:52,AMZN,3438.12,180.0,buy,NASDAQ
tx_0006581,2025-06-20 09:34:55,MCD,248.63,570.0,buy,NYSE
tx_0002533,2025-06-20 09:34:59,AAPL,150.29,234.0,sell,NASDAQ
tx_0007004,2025-06-20 09:35:02,AAPL,149.89,973.0,sell,NASDAQ
tx_0001050,2025-06-20 09:35:05,FB,328.96,40.0,buy,NASDAQ
tx_0000686,2025-06-20 09:35:07,BRK.B,283.67,328.0,buy,NYSE
tx_0009223,2025-06-20 09:35:07,JNJ,171.09,73.0,sell,NYSE
tx_0001659,2025-06-20 09:35:21,ADBE,595.35,286.0,sell,NASDAQ
tx_0004185,2025-06-20 09:35:28,AMZN,3432.07,87.0,buy,NASDAQ
tx_0004293,2025-06-20 09:35:28,MCD,251.71,999.0,buy,NYSE
tx_0005597,2025-06-20 09:35:30,MA,351.36,838.0,buy,NYSE
tx_0004877,2025-06-20 09:35:31,GOOGL,2788.14,210.0,sell,NASDAQ
tx_0005885,2025-06-20 09:35:37,PEP,147.69,93.0,sell,NYSE
tx_0003517,2025-06-20 09:35:43,PG,140.64,284.0,sell,NYSE
tx_0007389,2025-06-20 09:35:48,WMT,138.99,874.0,sell,NYSE
tx_0000951,2025-06-20 09:35:49,PYPL,246.08,120.0,sell,NASDAQ
tx_0003754,2025-06-20 09:35:54,DIS,179.06,503.0,sell,NYSE
tx_0004141,2025-06-20 09:36:01,JNJ,172.18,206.0,sell,NYSE
tx_0005763,2025-06-20 09:36:02,KO,54.56,459.0,sell,NYSE
tx_0008377,2025-06-20 09:36:03,WMT,140.29,973.0,sell,NYSE
tx_0002169,2025-06-20 09:36:08,FB,329.9,466.0,sell,NASDAQ
tx_0008195,2025-06-20 09:36:09,AAPL,150.32,823.0,buy,NASDAQ
tx_0000823,2025-06-20 09:36:12,WMT,140.83,448.0,sell,NYSE
tx_0009755,2025-06-20 09:36:13,WMT,138.46,536.0,sell,NYSE
tx_0005611,2025-06-20 09:36:26,WMT,139.73,590.0,buy,NYSE
tx_0007748,2025-06-20 09:36:26,FB,331.75,301.0,sell,NASDAQ
tx_0000939,2025-06-20 09:36:26,MCD,250.59,863.0,sell,NYSE
tx_0009252,2025-06-20 09:36:32,PG,141.5,249.0,sell,NYSE
tx_0003343,2025-06-20 09:36:34,MCD,250.84,214.0,buy,NYSE
tx_0003975,2025-06-20 09:36:35,PG,142.45,870.0,sell,NYSE
tx_0007466,2025-06-20 09:36:35,WMT,139.51,220.0,buy,NYSE
tx_0001797,2025-06-20 09:36:35,BRK.B,283.6,142.0,buy,NYSE
tx_0001849,2025-06-20 09:36:36,ADBE,597.76,316.0,sell,NASDAQ
tx_0002425,2025-06-20 09:36:37,JNJ,173.82,481.0,buy,NYSE
tx_0002752,2025-06-20 09:36:42,MSFT,298.99,884.0,sell,NASDAQ
tx_0007166,2025-06-20 09:36:43,NFLX,501.49,221.0,buy,NASDAQ
tx_0006342,2025-06-20 09:36:43,GOOGL,2800.91,614.0,buy,NASDAQ
tx_0007315,2025-06-20 09:36:44,V,223.01,493.0,sell,NYSE
tx_0006837,2025-06-20 09:36:50,PYPL,246.32,439.0,buy,NASDAQ
tx_0005884,2025-06-20 09:36:52,FB,327.92,933.0,buy,NASDAQ
tx_0004631,2025-06-20 09:36:54,BRK.B,280.15,632.0,sell,NYSE
tx_0007039,2025-06-20 09:36:56,NVDA,204.25,157.0,buy,NASDAQ
tx_0004974,2025-06-20 09:36:59,NVDA,204.24,888.0,buy,NASDAQ
tx_0007974,2025-06-20 09:37:01,MCD,250.22,258.0,,NYSE
tx_0003931,2025-06-20 09:37:04,AMZN,3455.44,358.0,sell,NASDAQ
tx_0005631,2025-06-20 09:37:09,TSLA,,15.0,buy,NASDAQ
tx_0000230,2025-06-20 09:37:09,MSFT,299.8,929.0,sell,NASDAQ
tx_0004371,2025-06-20 09:37:11,DIS,180.07,543.0,sell,NYSE
tx_0000318,2025-06-20 09:37:13,NFLX,500.9,61.0,sell,NASDAQ
tx_0003160,2025-06-20 09:37:16,PG,141.86,232.0,sell,NYSE
tx_0003219,2025-06-20 09:37:17,PEP,148.43,668.0,buy,NYSE
tx_0006413,2025-06-20 09:37:17,MSFT,297.04,700.0,sell,NASDAQ
tx_0000982,2025-06-20 09:37:20,KO,53.79,909.0,sell,NYSE
tx_0000118,2025-06-20 09:37:23,BRK.B,283.42,289.0,sell,NYSE
tx_0004554,2025-06-20 09:37:24,PG,140.78,789.0,sell,NYSE
tx_0005056,2025-06-20 09:37:24,ADBE,601.86,439.0,sell,NASDAQ
tx_0002962,2025-06-20 09:37:27,NVDA,204.46,359.0,sell,NASDAQ
tx_0006511,2025-06-20 09:37:28,NVDA,205.23,912.0,buy,NASDAQ
tx_0008906,2025-06-20 09:37:29,NFLX,498.72,358.0,buy,NASDAQ
tx_0004903,2025-06-20 09:37:31,PYPL,245.25,965.0,buy,NASDAQ
tx_0003583,2025-06-20 09:37:31,KO,54.1,529.0,sell,NYSE
tx_0003208,2025-06-20 09:37:31,MA,354.05,963.0,sell,NYSE
tx_0004617,2025-06-20 09:37:32,V,222.69,770.0,sell,NYSE
tx_0004746,2025-06-20 09:37:33,WMT,138.72,495.0,buy,NYSE
tx_0000308,2025-06-20 09:37:33,NVDA,206.86,18.0,sell,NASDAQ
tx_0002093,2025-06-20 09:37:35,V,222.11,944.0,sell,NYSE
tx_0000819,2025-06-20 09:37:37,AMZN,3450.77,542.0,buy,NASDAQ
tx_0009011,2025-06-20 09:37:40,GOOGL,2811.24,535.0,buy,NASDAQ
tx_0009929,2025-06-20 09:37:40,MA,351.0,939.0,buy,NYSE
tx_0000011,2025-06-20 09:37:41,GOOGL,2776.09,105.0,buy,NASDAQ
tx_0001995,2025-06-20 09:37:50,FB,332.71,412.0,buy,NASDAQ
tx_0003739,2025-06-20 09:37:50,TSLA,693.16,254.0,buy,NASDAQ
tx_0006748,2025-06-20 09:37:51,PYPL,248.24,718.0,sell,NASDAQ
tx_0005148,2025-06-20 09:37:52,FB,328.77,844.0,buy,NASDAQ
tx_0003865,2025-06-20 09:37:54,GOOGL,2816.89,681.0,buy,NASDAQ
tx_0009032,2025-06-20 09:37:55,NFLX,494.78,886.0,sell,NASDAQ
tx_0005580,2025-06-20 09:37:56,JNJ,172.64,814.0,sell,NYSE
tx_0006286,2025-06-20 09:37:57,JNJ,173.54,769.0,sell,NYSE
tx_0002506,2025-06-20 09:38:06,BRK.B,283.59,772.0,buy,NYSE
tx_0001082,2025-06-20 09:38:08,WMT,139.2,711.0,buy,NYSE
tx_0006546,2025-06-20 09:38:11,FB,330.92,920.0,sell,NASDAQ
tx_0009583,2025-06-20 09:38:12,WMT,139.59,73.0,buy,NYSE
tx_0001602,2025-06-20 09:38:14,WMT,139.32,198.0,buy,NYSE
tx_0003817,2025-06-20 09:38:14,PG,141.37,578.0,buy,NYSE
tx_0006003,2025-06-20 09:38:16,TSLA,684.33,505.0,sell,NASDAQ
tx_0000999,2025-06-20 09:38:18,MCD,250.38,639.0,buy,NYSE
tx_0005235,2025-06-20 09:38:22,PYPL,249.38,362.0,sell,NASDAQ
tx_0007260,2025-06-20 09:38:26,MA,354.0,121.0,buy,NYSE
tx_0009866,2025-06-20 09:38:28,AMZN,3465.96,952.0,buy,NASDAQ
tx_0005648,2025-06-20 09:38:32,DIS,183.37,65.0,sell,NYSE
tx_0003420,2025-06-20 09:38:32,JNJ,170.74,425.0,buy,NYSE
tx_0001540,2025-06-20 09:38:33,GOOGL,2821.59,667.0,sell,NASDAQ
tx_0005125,2025-06-20 09:38:34,PG,142.93,74.0,buy,NYSE
tx_0004591,2025-06-20 09:38:36,DIS,182.68,886.0,sell,NYSE
tx_0008054,2025-06-20 09:38:36,AMZN,3496.17,728.0,buy,NASDAQ
tx_0002724,2025-06-20 09:38:38,DIS,180.34,434.0,sell,NYSE
tx_0000090,2025-06-20 09:38:45,BRK.B,280.19,147.0,sell,NYSE
tx_0005685,2025-06-20 09:38:48,V,224.85,702.0,buy,NYSE
tx_0002026,2025-06-20 09:38:52,NFLX,498.73,859.0,sell,NASDAQ
tx_0004496,2025-06-20 09:38:53,MA,351.08,49.0,buy,NYSE
tx_0008356,2025-06-20 09:38:54,ADBE,604.49,302.0,buy,NASDAQ
tx_0002763,2025-06-20 09:38:55,AAPL,148.47,218.0,sell,NASDAQ
tx_0008928,2025-06-20 09:38:59,MSFT,300.55,914.0,,NASDAQ
tx_0007302,2025-06-20 09:39:05,WMT,137.82,501.0,sell,NYSE
tx_0008573,2025-06-20 09:39:06,PG,140.62,176.0,sell,NYSE
tx_0005997,2025-06-20 09:39:08,ADBE,603.69,38.0,sell,NASDAQ
tx_0002901,2025-06-20 09:39:11,PG,141.19,608.0,buy,NYSE
tx_0009863,2025-06-20 09:39:12,KO,53.85,686.0,buy,NYSE
tx_0005088,2025-06-20 09:39:14,PEP,149.37,775.0,sell,NYSE
tx_0009550,2025-06-20 09:39:16,PG,142.19,372.0,buy,NYSE
tx_0009525,2025-06-20 09:39:21,BRK.B,283.68,776.0,sell,NYSE
tx_0003719,2025-06-20 09:39:21,AAPL,148.79,53.0,buy,NASDAQ
tx_0008964,2025-06-20 09:39:21,MA,353.01,894.0,sell,NYSE
tx_0003830,2025-06-20 09:39:22,ADBE,602.47,92.0,buy,NASDAQ
tx_0005236,2025-06-20 09:39:22,AAPL,149.0,515.0,sell,NASDAQ
tx_0006897,2025-06-20 09:39:27,PEP,148.28,340.0,sell,NYSE
tx_0008336,2025-06-20 09:39:27,V,225.24,186.0,sell,NYSE
tx_0004470,2025-06-20 09:39:29,DIS,181.83,,sell,NYSE
tx_0008261,2025-06-20 09:39:30,MA,356.13,776.0,buy,NYSE
tx_0007289,2025-06-20 09:39:30,ADBE,605.23,829.0,sell,NASDAQ
tx_0006476,2025-06-20 09:39:35,TSLA,691.11,273.0,buy,NASDAQ
tx_0004256,2025-06-20 09:39:35,JNJ,174.1,205.0,buy,NYSE
tx_0005822,2025-06-20 09:39:37,GOOGL,2800.93,104.0,sell,NASDAQ
tx_0003766,2025-06-20 09:39:39,AMZN,3468.95,729.0,buy,NASDAQ
tx_0007847,2025-06-20 09:39:44,AAPL,149.25,2.0,sell,NASDAQ
tx_0001276,2025-06-20 09:39:46,MCD,249.4,523.0,buy,NYSE
tx_0006590,2025-06-20 09:39:48,MCD,245.37,986.0,buy,NYSE
tx_0007085,2025-06-20 09:39:51,MCD,248.61,517.0,sell,NYSE
tx_0008252,2025-06-20 09:39:55,MA,353.23,31.0,sell,NYSE
tx_0009730,2025-06-20 09:39:56,BRK.B,279.75,714.0,buy,NYSE
tx_0000070,2025-06-20 09:39:56,NFLX,500.91,44.0,buy,NASDAQ
tx_0001956,2025-06-20 09:39:57,V,225.45,915.0,sell,NYSE
tx_0007358,2025-06-20 09:39:58,TSLA,682.8,190.0,buy,NASDAQ
tx_0002790,2025-06-20 09:40:03,TSLA,683.75,545.0,sell,NASDAQ
tx_0002738,2025-06-20 09:40:05,NFLX,504.25,36.0,buy,NASDAQ
tx_0002693,2025-06-20 09:40:08,PYPL,247.35,513.0,sell,NASDAQ
tx_0008850,2025-06-20 09:40:12,NFLX,499.98,80.0,sell,NASDAQ
tx_0000721,2025-06-20 09:40:15,NVDA,204.53,880.0,sell,NASDAQ
tx_0002081,2025-06-20 09:40:15,PEP,150.51,262.0,sell,NYSE
tx_0006191,2025-06-20 09:40:16,MCD,248.22,844.0,buy,NYSE
tx_0003821,2025-06-20 09:40:17,MSFT,297.77,407.0,buy,NASDAQ
tx_0008727,2025-06-20 09:40:18,ADBE,603.82,36.0,buy,NASDAQ
tx_0001300,2025-06-20 09:40:20,JNJ,172.09,490.0,sell,NYSE
tx_0008639,2025-06-20 09:40:22,AMZN,3465.45,582.0,buy,NASDAQ
tx_0000098,2025-06-20 09:40:25,PG,142.38,869.0,sell,NYSE
tx_0002979,2025-06-20 09:40:26,MSFT,295.7,745.0,sell,NASDAQ
tx_0004623,2025-06-20 09:40:30,NVDA,206.32,574.0,buy,NASDAQ
tx_0005248,2025-06-20 09:40:30,GOOGL,2790.4,471.0,buy,NASDAQ
tx_0003700,2025-06-20 09:40:34,WMT,140.87,74.0,sell,NYSE
tx_0006742,2025-06-20 09:40:37,V,223.25,114.0,buy,NYSE
tx_0006929,2025-06-20 09:40:40,TSLA,696.11,293.0,sell,NASDAQ
tx_0009093,2025-06-20 09:40:41,MSFT,298.44,749.0,sell,NASDAQ
tx_0007658,2025-06-20 09:40:45,WMT,139.53,712.0,sell,NYSE
tx_0009925,2025-06-20 09:40:45,PYPL,249.53,862.0,buy,NASDAQ
tx_0008883,2025-06-20 09:40:50,GOOGL,,583.0,buy,NASDAQ
tx_0003620,2025-06-20 09:40:51,AMZN,3466.11,584.0,buy,NASDAQ
tx_0001386,2025-06-20 09:40:54,KO,53.66,968.0,sell,NYSE
tx_0005662,2025-06-20 09:40:55,NVDA,207.6,211.0,buy,NASDAQ
tx_0003295,2025-06-20 09:40:56,TSLA,692.69,288.0,sell,NASDAQ
tx_0009005,2025-06-20 09:41:02,PG,140.89,772.0,sell,NYSE
tx_0001962,2025-06-20 09:41:03,MA,349.88,597.0,sell,NYSE
tx_0002773,2025-06-20 09:41:06,PYPL,250.7,579.0,sell,NASDAQ
tx_0002287,2025-06-20 09:41:07,ADBE,600.25,310.0,sell,NASDAQ
tx_0008018,2025-06-20 09:41:09,AAPL,149.43,809.0,sell,NASDAQ
tx_0001067,2025-06-20 09:41:12,NFLX,500.8,312.0,buy,NASDAQ
tx_0009984,2025-06-20 09:41:14,AAPL,149.77,369.0,sell,NASDAQ
tx_0006163,2025-06-20 09:41:20,PYPL,248.08,529.0,buy,NASDAQ
tx_0004481,2025-06-20 09:41:25,V,224.18,660.0,sell,NYSE
tx_0002615,2025-06-20 09:41:25,AMZN,3484.72,514.0,buy,NASDAQ
tx_0003857,2025-06-20 09:41:26,V,224.01,583.0,buy,NYSE
tx_0008222,2025-06-20 09:41:27,DIS,182.6,109.0,sell,NYSE
tx_0001000,2025-06-20 09:41:29,AMZN,3498.56,207.0,buy,NASDAQ
tx_0009462,2025-06-20 09:41:29,MSFT,297.55,994.0,sell,NASDAQ
tx_0009842,2025-06-20 09:41:30,NFLX,503.37,73.0,sell,NASDAQ
tx_0008248,2025-06-20 09:41:32,DIS,182.46,529.0,sell,NYSE
tx_0004025,2025-06-20 09:41:34,GOOGL,2817.78,275.0,buy,NASDAQ
tx_0007450,2025-06-20 09:41:38,GOOGL,2799.38,762.0,sell,NASDAQ
tx_0002167,2025-06-20 09:41:41,PEP,150.85,631.0,sell,NYSE
tx_0009182,2025-06-20 09:41:43,DIS,183.83,28.0,buy,NYSE
tx_0004797,2025-06-20 09:41:43,AAPL,150.16,335.0,buy,NASDAQ
tx_0003055,2025-06-20 09:41:44,MSFT,294.84,299.0,buy,NASDAQ
tx_0006167,2025-06-20 09:41:44,TSLA,691.13,381.0,buy,NASDAQ
tx_0002438,2025-06-20 09:41:45,MCD,,27.0,buy,NYSE
tx_0004725,2025-06-20 09:41:45,V,224.44,722.0,sell,NYSE
tx_0009822,2025-06-20 09:41:54,WMT,139.45,331.0,buy,NYSE
tx_0003204,2025-06-20 09:41:55,TSLA,693.34,589.0,buy,NASDAQ
tx_0007513,2025-06-20 09:41:56,PYPL,247.48,606.0,buy,NASDAQ
tx_0000495,2025-06-20 09:41:59,AAPL,149.12,204.0,buy,NASDAQ
tx_0000448,2025-06-20 09:42:01,NFLX,503.6,232.0,sell,NASDAQ
tx_0002551,2025-06-20 09:42:03,TSLA,690.6,668.0,sell,NASDAQ
tx_0009663,2025-06-20 09:42:05,ADBE,601.73,755.0,buy,NASDAQ
tx_0005762,2025-06-20 09:42:07,ADBE,608.91,70.0,buy,NASDAQ
tx_0008789,2025-06-20 09:42:10,AMZN,3429.43,,sell,NASDAQ
tx_0003206,2025-06-20 09:42:11,AMZN,3452.21,339.0,buy,NASDAQ
tx_0001598,2025-06-20 09:42:12,ADBE,602.53,267.0,sell,NASDAQ
tx_0003963,2025-06-20 09:42:13,PG,141.8,2.0,sell,NYSE
tx_0002001,2025-06-20 09:42:14,MCD,250.48,244.0,buy,NYSE
tx_0004626,2025-06-20 09:42:15,MSFT,294.12,130.0,sell,NASDAQ
tx_0009985,2025-06-20 09:42:15,AMZN,3440.43,210.0,sell,NASDAQ
tx_0005147,2025-06-20 09:42:16,MA,348.98,208.0,sell,NYSE
tx_0003259,2025-06-20 09:42:22,PYPL,251.78,651.0,sell,NASDAQ
tx_0009470,2025-06-20 09:42:22,GOOGL,2818.27,993.0,sell,NASDAQ
tx_0006727,2025-06-20 09:42:24,V,222.68,856.0,sell,NYSE
tx_0003879,2025-06-20 09:42:26,MSFT,296.37,917.0,sell,NASDAQ
tx_0002071,2025-06-20 09:42:31,TSLA,688.36,11.0,sell,NASDAQ
tx_0002172,2025-06-20 09:42:35,NFLX,498.5,654.0,sell,NASDAQ
tx_0000179,2025-06-20 09:42:37,KO,53.49,116.0,buy,NYSE
tx_0007092,2025-06-20 09:42:38,JNJ,173.02,149.0,sell,NYSE
tx_0005214,2025-06-20 09:42:39,BRK.B,282.7,790.0,sell,NYSE
tx_0001822,2025-06-20 09:42:40,PYPL,249.19,140.0,sell,NASDAQ
tx_0008192,2025-06-20 09:42:43,JNJ,171.75,542.0,buy,NYSE
tx_0004211,2025-06-20 09:42:43,WMT,139.83,358.0,sell,NYSE
tx_0005892,2025-06-20 09:42:46,GOOGL,2810.23,688.0,sell,NASDAQ
tx_0007412,2025-06-20 09:42:55,MA,352.51,511.0,sell,NYSE
tx_0008466,2025-06-20 09:42:55,PEP,149.08,903.0,sell,NYSE
tx_0009162,2025-06-20 09:42:57,PG,142.55,181.0,buy,NYSE
tx_0008834,2025-06-20 09:42:57,MSFT,299.3,483.0,buy,NASDAQ
tx_0005403,2025-06-20 09:43:03,PEP,148.31,103.0,sell,NYSE
tx_0004495,2025-06-20 09:43:05,FB,332.25,316.0,sell,NASDAQ
tx_0009151,2025-06-20 09:43:06,BRK.B,284.37,83.0,buy,NYSE
tx_0008397,2025-06-20 09:43:06,WMT,139.33,301.0,sell,NYSE
tx_0008472,2025-06-20 09:43:07,PG,142.39,289.0,buy,NYSE
tx_0009333,2025-06-20 09:43:07,AAPL,149.48,918.0,sell,NASDAQ
tx_0004308,2025-06-20 09:43:09,AAPL,150.75,14.0,sell,NASDAQ
tx_0003002,2025-06-20 09:43:19,NFLX,505.65,359.0,buy,NASDAQ
tx_0001060,2025-06-20 09:43:24,DIS,186.14,709.0,sell,NYSE
tx_0000954,2025-06-20 09:43:30,DIS,183.45,645.0,sell,NYSE
tx_0009453,2025-06-20 09:43:31,NVDA,206.21,486.0,buy,NASDAQ
tx_0001658,2025-06-20 09:43:42,NFLX,506.63,385.0,buy,NASDAQ
tx_0008930,2025-06-20 09:43:43,PEP,148.2,796.0,buy,NYSE
tx_0006391,2025-06-20 09:43:48,KO,53.65,819.0,buy,NYSE
tx_0004261,2025-06-20 09:43:50,DIS,184.58,867.0,sell,NYSE
tx_0004664,2025-06-20 09:43:57,NFLX,500.03,377.0,sell,NASDAQ
tx_0003853,2025-06-20 09:43:59,JNJ,172.43,947.0,sell,NYSE
tx_0002721,2025-06-20 09:43:59,MA,350.55,285.0,buy,NYSE
tx_0009292,2025-06-20 09:44:04,WMT,139.66,628.0,buy,NYSE
tx_0007841,2025-06-20 09:44:08,PYPL,252.95,514.0,sell,NASDAQ
tx_0001123,2025-06-20 09:44:09,MA,349.56,982.0,buy,NYSE
tx_0008987,2025-06-20 09:44:09,MCD,246.86,717.0,sell,NYSE
tx_0001751,2025-06-20 09:44:12,JNJ,171.05,525.0,sell,NYSE
tx_0001417,2025-06-20 09:44:13,MCD,247.24,686.0,sell,NYSE
tx_0002406,2025-06-20 09:44:13,DIS,184.9,73.0,buy,NYSE
tx_0006482,2025-06-20 09:44:15,DIS,182.98,680.0,buy,NYSE
tx_0000836,2025-06-20 09:44:18,MA,352.97,292.0,buy,NYSE
tx_0005510,2025-06-20 09:44:19,NFLX,506.07,527.0,buy,NASDAQ
tx_0003028,2025-06-20 09:44:19,MA,355.1,837.0,sell,NYSE
tx_0006573,2025-06-20 09:44:21,KO,53.21,487.0,buy,NYSE
tx_0006971,2025-06-20 09:44:22,MA,353.98,237.0,sell,NYSE
tx_0006978,2025-06-20 09:44:25,JNJ,172.61,245.0,sell,NYSE
tx_0004571,2025-06-20 09:44:26,NFLX,500.12,41.0,buy,NASDAQ
tx_0006771,2025-06-20 09:44:27,NVDA,209.16,10.0,sell,NASDAQ
tx_0000117,2025-06-20 09:44:29,PYPL,251.02,56.0,sell,NASDAQ
tx_0001882,2025-06-20 09:44:29,DIS,183.38,252.0,buy,NYSE
tx_0004292,2025-06-20 09:44:35,PYPL,248.62,746.0,sell,NASDAQ
tx_0004038,2025-06-20 09:44:38,GOOGL,2796.52,84.0,buy,NASDAQ
tx_0009369,2025-06-20 09:44:38,MA,355.17,419.0,buy,NYSE
tx_0003523,2025-06-20 09:44:42,NFLX,497.3,626.0,sell,NASDAQ
tx_0001752,2025-06-20 09:44:45,FB,331.94,639.0,sell,NASDAQ
tx_0008448,2025-06-20 09:44:45,WMT,139.75,948.0,sell,NYSE
tx_0004225,2025-06-20 09:44:50,JNJ,174.43,401.0,sell,NYSE
tx_0003016,2025-06-20 09:44:50,MCD,245.82,420.0,sell,NYSE
tx_0006639,2025-06-20 09:44:54,PEP,149.45,900.0,buy,NYSE
tx_0006120,2025-06-20 09:44:57,MCD,247.27,9.0,sell,NYSE
tx_0004714,2025-06-20 09:45:04,AAPL,149.95,31.0,sell,NASDAQ
tx_0008218,2025-06-20 09:45:07,ADBE,599.72,590.0,buy,NASDAQ
tx_0001652,2025-06-20 09:45:07,MSFT,297.19,404.0,buy,NASDAQ
tx_0006414,2025-06-20 09:45:09,PG,142.64,354.0,sell,NYSE
tx_0008482,2025-06-20 09:45:13,BRK.B,286.28,288.0,sell,NYSE
tx_0008073,2025-06-20 09:45:15,PYPL,250.92,361.0,buy,NASDAQ
tx_0007142,2025-06-20 09:45:15,NVDA,208.39,275.0,buy,NASDAQ
tx_0002600,2025-06-20 09:45:17,PEP,149.2,22.0,buy,NYSE
tx_0007733,2025-06-20 09:45:18,MSFT,297.03,628.0,buy,NASDAQ
tx_0007899,2025-06-20 09:45:19,PEP,149.5,569.0,sell,NYSE
tx_0007893,2025-06-20 09:45:20,MSFT,298.45,241.0,sell,NASDAQ
tx_0002311,2025-06-20 09:45:21,KO,53.54,579.0,buy,NYSE
tx_0002783,2025-06-20 09:45:22,NFLX,505.05,523.0,sell,NASDAQ
tx_0004912,2025-06-20 09:45:24,AAPL,151.6,554.0,buy,NASDAQ
tx_0002413,2025-06-20 09:45:31,PEP,149.71,944.0,sell,NYSE
tx_0005699,2025-06-20 09:45:32,WMT,139.01,875.0,sell,NYSE
tx_0004010,2025-06-20 09:45:34,V,226.13,810.0,sell,NYSE
tx_0004045,2025-06-20 09:45:35,BRK.B,288.15,965.0,buy,NYSE
tx_0003950,2025-06-20 09:45:40,BRK.B,288.1,717.0,sell,NYSE
tx_0005698,2025-06-20 09:45:44,MCD,247.81,416.0,buy,NYSE
tx_0001268,2025-06-20 09:45:47,NVDA,209.05,865.0,buy,NASDAQ
tx_0000899,2025-06-20 09:45:55,WMT,138.07,954.0,,NYSE
tx_0008533,2025-06-20 09:45:55,GOOGL,2792.81,788.0,sell,NASDAQ
tx_0004247,2025-06-20 09:45:56,MCD,246.88,105.0,sell,NYSE
tx_0001627,2025-06-20 09:45:57,AAPL,148.34,40.0,,NASDAQ
tx_0007344,2025-06-20 09:46:04,AMZN,3451.86,235.0,sell,NASDAQ
tx_0001774,2025-06-20 09:46:07,AAPL,148.33,401.0,sell,NASDAQ
tx_0008271,2025-06-20 09:46:13,GOOGL,2778.6,987.0,buy,NASDAQ
tx_0008798,2025-06-20 09:46:17,NFLX,506.33,981.0,buy,NASDAQ
tx_0003144,2025-06-20 09:46:18,MSFT,295.84,756.0,sell,NASDAQ
tx_0003230,2025-06-20 09:46:19,BRK.B,285.93,492.0,buy,NYSE
tx_0008790,2025-06-20 09:46:21,AAPL,149.33,185.0,buy,NASDAQ
tx_0005981,2025-06-20 09:46:23,NVDA,206.25,551.0,sell,NASDAQ
tx_0002520,2025-06-20 09:46:24,MA,353.11,846.0,sell,NYSE
tx_0006866,2025-06-20 09:46:29,PEP,149.5,880.0,buy,NYSE
tx_0002857,2025-06-20 09:46:34,NVDA,206.2,784.0,sell,NASDAQ
tx_0007600,2025-06-20 09:46:34,PYPL,246.86,103.0,buy,NASDAQ
tx_0007919,2025-06-20 09:46:36,TSLA,690.35,930.0,buy,NASDAQ
tx_0009693,2025-06-20 09:46:41,JNJ,175.85,724.0,sell,NYSE
tx_0006456,2025-06-20 09:46:41,PG,143.32,412.0,sell,NYSE
tx_0006803,2025-06-20 09:46:42,NVDA,207.05,849.0,sell,NASDAQ
tx_0002277,2025-06-20 09:46:46,NFLX,506.02,947.0,sell,NASDAQ
tx_0004157,2025-06-20 09:46:51,NVDA,208.23,737.0,sell,NASDAQ
tx_0007135,2025-06-20 09:46:58,JNJ,174.15,680.0,buy,NYSE
tx_0003781,2025-06-20 09:46:58,MSFT,300.09,274.0,buy,NASDAQ
tx_0004368,2025-06-20 09:46:58,GOOGL,2821.88,107.0,sell,NASDAQ
tx_0001091,2025-06-20 09:47:00,JNJ,175.72,209.0,sell,NYSE
tx_0000715,2025-06-20 09:47:01,JNJ,173.17,70.0,sell,NYSE
tx_0009666,2025-06-20 09:47:01,PG,140.91,283.0,sell,NYSE
tx_0000558,2025-06-20 09:47:04,AAPL,150.64,536.0,sell,NASDAQ
tx_0005402,2025-06-20 09:47:07,ADBE,605.41,157.0,sell,NASDAQ
tx_0005275,2025-06-20 09:47:10,MCD,250.12,779.0,buy,NYSE
tx_0001063,2025-06-20 09:47:11,AMZN,3478.31,612.0,sell,NASDAQ
tx_0006960,2025-06-20 09:47:16,JNJ,172.8,429.0,buy,NYSE
tx_0006556,2025-06-20 09:47:21,TSLA,689.94,77.0,buy,NASDAQ
tx_0007724,2025-06-20 09:47:22,JNJ,175.74,426.0,sell,NYSE
tx_0009089,2025-06-20 09:47:24,AMZN,3460.22,425.0,buy,NASDAQ
tx_0002198,2025-06-20 09:47:27,NFLX,497.55,416.0,buy,NASDAQ
tx_0000860,2025-06-20 09:47:28,ADBE,601.52,144.0,buy,NASDAQ
tx_0006297,2025-06-20 09:47:30,AAPL,149.43,273.0,sell,NASDAQ
tx_0003992,2025-06-20 09:47:31,AAPL,149.06,483.0,sell,NASDAQ
tx_0004163,2025-06-20 09:47:32,AMZN,3431.87,849.0,sell,NASDAQ
tx_0003637,2025-06-20 09:47:34,BRK.B,290.74,41.0,buy,NYSE
tx_0009234,2025-06-20 09:47:34,JNJ,173.42,582.0,sell,NYSE
tx_0004480,2025-06-20 09:47:35,PEP,150.52,193.0,,NYSE
tx_0002268,2025-06-20 09:47:37,TSLA,695.34,907.0,sell,NASDAQ
tx_0007866,2025-06-20 09:47:43,AMZN,3441.58,806.0,sell,NASDAQ
tx_0001856,2025-06-20 09:47:45,MSFT,297.03,452.0,sell,
tx_0009698,2025-06-20 09:47:49,DIS,184.45,608.0,sell,NYSE
tx_0001356,2025-06-20 09:47:51,FB,335.06,745.0,buy,NASDAQ
tx_0006479,2025-06-20 09:47:53,ADBE,604.5,407.0,sell,NASDAQ
tx_0001283,2025-06-20 09:47:55,ADBE,606.8,912.0,buy,NASDAQ
tx_0006087,2025-06-20 09:48:05,AAPL,148.32,295.0,sell,NASDAQ
tx_0009598,2025-06-20 09:48:08,TSLA,687.58,642.0,buy,NASDAQ
tx_0005362,2025-06-20 09:48:08,MSFT,297.2,233.0,buy,NASDAQ
tx_0005449,2025-06-20 09:48:12,KO,53.52,231.0,sell,NYSE
tx_0002488,2025-06-20 09:48:23,V,227.28,407.0,buy,NYSE
tx_0009346,2025-06-20 09:48:28,WMT,139.25,350.0,sell,NYSE
tx_0001846,2025-06-20 09:48:30,NVDA,208.72,800.0,sell,NASDAQ
tx_0003257,2025-06-20 09:48:32,NFLX,501.48,99.0,buy,NASDAQ
tx_0005783,2025-06-20 09:48:35,MA,355.54,422.0,buy,NYSE
tx_0000651,2025-06-20 09:48:35,BRK.B,285.68,627.0,sell,NYSE
tx_0001927,2025-06-20 09:48:36,FB,330.52,275.0,sell,NASDAQ
tx_0001347,2025-06-20 09:48:36,AMZN,3444.73,767.0,buy,NASDAQ
tx_0008729,2025-06-20 09:48:37,AAPL,148.83,58.0,sell,NASDAQ
tx_0001337,2025-06-20 09:48:46,DIS,185.94,113.0,sell,NYSE
tx_0003414,2025-06-20 09:48:48,JNJ,174.55,124.0,buy,NYSE
tx_0001944,2025-06-20 09:48:50,ADBE,601.78,144.0,buy,NASDAQ
tx_0001724,2025-06-20 09:48:50,PEP,148.7,102.0,buy,NYSE
tx_0004236,2025-06-20 09:48:53,TSLA,699.71,198.0,buy,NASDAQ
tx_0007914,2025-06-20 09:48:54,ADBE,610.29,492.0,sell,NASDAQ
tx_0003349,2025-06-20 09:49:06,GOOGL,2778.26,302.0,buy,NASDAQ
tx_0000489,2025-06-20 09:49:08,PYPL,251.93,779.0,sell,NASDAQ
tx_0001820,2025-06-20 09:49:08,AAPL,148.52,664.0,buy,NASDAQ
tx_0005714,2025-06-20 09:49:08,MSFT,298.27,700.0,sell,NASDAQ
tx_0009777,2025-06-20 09:49:10,PEP,149.37,238.0,sell,NYSE
tx_0006107,2025-06-20 09:49:10,FB,333.54,778.0,sell,NASDAQ
tx_0008086,2025-06-20 09:49:14,PYPL,252.28,260.0,buy,NASDAQ
tx_0003241,2025-06-20 09:49:14,AAPL,149.85,711.0,sell,NASDAQ
tx_0000246,2025-06-20 09:49:16,GOOGL,2828.16,778.0,buy,NASDAQ
tx_0004650,2025-06-20 09:49:16,NFLX,499.74,512.0,buy,
tx_0004556,2025-06-20 09:49:16,GOOGL,2784.81,464.0,buy,NASDAQ
tx_0008098,2025-06-20 09:49:17,WMT,139.06,116.0,buy,NYSE
tx_0005294,2025-06-20 09:49:18,MSFT,297.66,581.0,sell,NASDAQ
tx_0005189,2025-06-20 09:49:21,GOOGL,2780.28,627.0,sell,NASDAQ
tx_0000471,2025-06-20 09:49:24,WMT,139.73,225.0,sell,NYSE
tx_0008687,2025-06-20 09:49:25,PG,142.57,59.0,buy,NYSE
tx_0000515,2025-06-20 09:49:26,WMT,140.13,21.0,sell,NYSE
tx_0009853,2025-06-20 09:49:28,MA,358.88,711.0,buy,NYSE
tx_0003105,2025-06-20 09:49:29,MCD,245.34,7.0,sell,NYSE
tx_0005215,2025-06-20 09:49:31,JNJ,173.2,41.0,sell,NYSE
tx_0000906,2025-06-20 09:49:35,NFLX,503.25,742.0,buy,NASDAQ
tx_0005354,2025-06-20 09:49:38,PYPL,249.58,373.0,buy,NASDAQ
tx_0008392,2025-06-20 09:49:40,AMZN,3442.67,387.0,buy,NASDAQ
tx_0000248,2025-06-20 09:49:42,KO,54.23,112.0,buy,NYSE
tx_0007108,2025-06-20 09:49:45,AAPL,148.83,531.0,sell,NASDAQ
tx_0004960,2025-06-20 09:49:46,ADBE,598.45,94.0,buy,NASDAQ
tx_0006600,2025-06-20 09:49:54,AAPL,150.24,134.0,buy,NASDAQ
tx_0003923,2025-06-20 09:49:58,AAPL,149.08,578.0,buy,NASDAQ
tx_0000593,2025-06-20 09:50:05,FB,329.02,256.0,buy,NASDAQ
tx_0009781,2025-06-20 09:50:09,AAPL,149.36,366.0,buy,NASDAQ
tx_0003290,2025-06-20 09:50:11,KO,54.36,506.0,sell,NYSE
tx_0007434,2025-06-20 09:50:15,NVDA,210.37,882.0,sell,NASDAQ
tx_0004215,2025-06-20 09:50:15,V,224.43,732.0,buy,NYSE
tx_0000923,2025-06-20 09:50:16,DIS,184.93,336.0,sell,NYSE
tx_0007253,2025-06-20 09:50:18,FB,330.96,817.0,buy,NASDAQ
tx_0003626,2025-06-20 09:50:20,JNJ,173.59,482.0,sell,NYSE
tx_0004622,2025-06-20 09:50:22,PG,142.06,198.0,sell,NYSE
tx_0009570,2025-06-20 09:50:22,KO,54.89,449.0,sell,NYSE
tx_0007090,2025-06-20 09:50:22,MCD,249.73,750.0,sell,NYSE
tx_0005048,2025-06-20 09:50:26,NFLX,500.25,452.0,sell,NASDAQ
tx_0008024,2025-06-20 09:50:26,BRK.B,290.38,628.0,sell,NYSE
tx_0006711,2025-06-20 09:50:27,KO,54.62,343.0,sell,NYSE
tx_0000046,2025-06-20 09:50:43,TSLA,699.88,318.0,buy,NASDAQ
tx_0002400,2025-06-20 09:50:44,WMT,141.29,639.0,sell,NYSE
tx_0002352,2025-06-20 09:50:45,TSLA,700.19,318.0,buy,NASDAQ
tx_0009656,2025-06-20 09:50:46,MSFT,296.57,78.0,buy,NASDAQ
tx_0007776,2025-06-20 09:50:47,MA,358.54,579.0,sell,NYSE
tx_0005004,2025-06-20 09:50:51,TSLA,695.25,257.0,buy,NASDAQ
tx_0008638,2025-06-20 09:50:52,V,224.57,616.0,buy,NYSE
tx_0003111,2025-06-20 09:50:54,PG,143.81,88.0,buy,NYSE
tx_0000991,2025-06-20 09:50:56,WMT,140.52,586.0,,NYSE
tx_0001779,2025-06-20 09:50:57,WMT,139.64,544.0,buy,NYSE
tx_0004634,2025-06-20 09:51:06,PG,143.79,22.0,,NYSE
tx_0008879,2025-06-20 09:51:10,PEP,150.5,444.0,buy,NYSE
tx_0008245,2025-06-20 09:51:15,PYPL,252.84,1.0,buy,NASDAQ
tx_0002755,2025-06-20 09:51:17,V,225.83,657.0,buy,NYSE
tx_0006876,2025-06-20 09:51:19,PG,142.5,257.0,sell,NYSE
tx_0005360,2025-06-20 09:51:19,MA,353.05,310.0,buy,NYSE
tx_0008154,2025-06-20 09:51:20,KO,54.12,349.0,buy,NYSE
tx_0007689,2025-06-20 09:51:27,NFLX,503.39,731.0,buy,NASDAQ
tx_0002143,2025-06-20 09:51:27,DIS,185.94,417.0,buy,NYSE
tx_0004476,2025-06-20 09:51:29,PYPL,252.87,732.0,buy,NASDAQ
tx_0008479,2025-06-20 09:51:29,BRK.B,286.93,766.0,buy,NYSE
tx_0005154,2025-06-20 09:51:32,NVDA,,80.0,sell,NASDAQ
tx_0001842,2025-06-20 09:51:40,GOOGL,2803.04,752.0,buy,NASDAQ
tx_0009106,2025-06-20 09:51:43,PG,,998.0,buy,NYSE
tx_0001748,2025-06-20 09:51:51,PYPL,252.21,404.0,buy,NASDAQ
tx_0008711,2025-06-20 09:51:52,NVDA,208.51,471.0,sell,NASDAQ
tx_0003385,2025-06-20 09:51:53,MSFT,299.95,699.0,sell,
tx_0003458,2025-06-20 09:51:55,JNJ,171.63,779.0,sell,NYSE
tx_0001332,2025-06-20 09:52:01,AAPL,148.05,698.0,buy,NASDAQ
tx_0008519,2025-06-20 09:52:02,PYPL,253.79,431.0,sell,NASDAQ
tx_0002581,2025-06-20 09:52:05,AAPL,149.48,53.0,sell,NASDAQ
tx_0001229,2025-06-20 09:52:06,AMZN,3451.07,254.0,sell,NASDAQ
tx_0004436,2025-06-20 09:52:06,AAPL,,955.0,buy,NASDAQ
tx_0000217,2025-06-20 09:52:07,PEP,148.54,788.0,buy,NYSE
tx_0009484,2025-06-20 09:52:08,DIS,186.45,818.0,sell,NYSE
tx_0001483,2025-06-20 09:52:12,DIS,183.17,19.0,sell,NYSE
tx_0009027,2025-06-20 09:52:12,MSFT,297.59,105.0,buy,NASDAQ
tx_0000034,2025-06-20 09:52:13,NVDA,207.95,498.0,sell,NASDAQ
tx_0000965,2025-06-20 09:52:13,DIS,184.88,4.0,sell,NYSE
tx_0007660,2025-06-20 09:52:16,PG,141.32,537.0,sell,NYSE
tx_0007870,2025-06-20 09:52:21,MA,352.93,507.0,sell,NYSE
tx_0006109,2025-06-20 09:52:22,PYPL,,729.0,sell,NASDAQ
tx_0002513,2025-06-20 09:52:27,AAPL,147.31,928.0,buy,NASDAQ
tx_0004655,2025-06-20 09:52:29,FB,332.46,508.0,sell,NASDAQ
tx_0010000,2025-06-20 09:52:31,TSLA,690.48,237.0,sell,NASDAQ
tx_0000181,2025-06-20 09:52:33,PYPL,254.96,498.0,buy,NASDAQ
tx_0000771,2025-06-20 09:52:34,GOOGL,2822.68,711.0,buy,NASDAQ
tx_0007244,2025-06-20 09:52:42,MSFT,297.24,733.0,sell,NASDAQ
tx_0003483,2025-06-20 09:52:42,JNJ,174.06,974.0,buy,NYSE
tx_0004711,2025-06-20 09:52:49,AAPL,148.16,379.0,buy,NASDAQ
tx_0005971,2025-06-20 09:52:50,NVDA,209.44,264.0,buy,NASDAQ
tx_0004890,2025-06-20 09:52:54,MCD,243.33,847.0,buy,NYSE
tx_0003985,2025-06-20 09:52:54,PEP,148.19,330.0,sell,NYSE
tx_0006554,2025-06-20 09:53:04,FB,329.15,647.0,buy,NASDAQ
tx_0004953,2025-06-20 09:53:05,AAPL,148.52,839.0,sell,NASDAQ
tx_0009705,2025-06-20 09:53:07,NVDA,206.35,194.0,buy,NASDAQ
tx_0001335,2025-06-20 09:53:09,WMT,138.99,681.0,sell,NYSE
tx_0007952,2025-06-20 09:53:12,MA,351.31,353.0,buy,NYSE
tx_0006471,2025-06-20 09:53:15,MSFT,297.51,315.0,sell,NASDAQ
tx_0005103,2025-06-20 09:53:16,KO,54.09,989.0,buy,NYSE
tx_0004680,2025-06-20 09:53:21,PYPL,252.35,671.0,sell,NASDAQ
tx_0002700,2025-06-20 09:53:26,ADBE,601.46,114.0,buy,NASDAQ
tx_0000903,2025-06-20 09:53:28,KO,54.96,408.0,buy,NYSE
tx_0005748,2025-06-20 09:53:29,FB,327.32,212.0,buy,NASDAQ
tx_0003668,2025-06-20 09:53:31,ADBE,600.53,359.0,sell,NASDAQ
tx_0009221,2025-06-20 09:53:34,FB,329.62,15.0,sell,NASDAQ
tx_0009742,2025-06-20 09:53:35,MCD,242.8,445.0,buy,NYSE
tx_0006372,2025-06-20 09:53:36,MCD,244.75,794.0,buy,NYSE
tx_0004920,2025-06-20 09:53:38,MCD,246.32,622.0,buy,NYSE
tx_0005352,2025-06-20 09:53:39,BRK.B,291.27,460.0,sell,NYSE
tx_0007879,2025-06-20 09:53:40,PEP,147.95,464.0,buy,NYSE
tx_0008838,2025-06-20 09:53:40,PYPL,249.68,654.0,sell,NASDAQ
tx_0003429,2025-06-20 09:53:41,AAPL,147.11,452.0,buy,NASDAQ
tx_0008866,2025-06-20 09:53:43,NFLX,508.98,443.0,sell,NASDAQ
tx_0008846,2025-06-20 09:53:45,AMZN,3407.66,601.0,buy,NASDAQ
tx_0004593,2025-06-20 09:53:48,TSLA,704.11,81.0,buy,NASDAQ
tx_0002588,2025-06-20 09:53:49,PEP,147.58,524.0,buy,NYSE
tx_0009037,2025-06-20 09:53:49,MA,352.32,775.0,sell,NYSE
tx_0003098,2025-06-20 09:53:49,WMT,139.87,652.0,sell,NYSE
tx_0006827,2025-06-20 09:53:49,PG,142.21,791.0,sell,NYSE
tx_0001865,2025-06-20 09:53:52,GOOGL,2811.53,740.0,buy,NASDAQ
tx_0003785,2025-06-20 09:53:53,MSFT,301.17,910.0,buy,NASDAQ
tx_0008777,2025-06-20 09:53:54,PEP,147.64,109.0,sell,NYSE
tx_0006322,2025-06-20 09:53:56,MCD,242.42,474.0,buy,NYSE
tx_0007010,2025-06-20 09:53:58,TSLA,703.7,663.0,buy,NASDAQ
tx_0001379,2025-06-20 09:53:59,PG,142.64,71.0,buy,NYSE
tx_0005262,2025-06-20 09:53:59,KO,54.7,760.0,sell,NYSE
tx_0000443,2025-06-20 09:54:02,PYPL,251.01,104.0,sell,NASDAQ
tx_0006963,2025-06-20 09:54:04,WMT,140.06,775.0,buy,NYSE
tx_0005157,2025-06-20 09:54:05,GOOGL,2767.83,659.0,buy,NASDAQ
tx_0000669,2025-06-20 09:54:06,WMT,141.53,294.0,buy,NYSE
tx_0008618,2025-06-20 09:54:07,MA,352.51,502.0,buy,NYSE
tx_0003134,2025-06-20 09:54:09,NVDA,209.73,735.0,buy,NASDAQ
tx_0004826,2025-06-20 09:54:09,KO,54.65,567.0,buy,NYSE
tx_0002948,2025-06-20 09:54:09,FB,330.86,826.0,buy,NASDAQ
tx_0001059,2025-06-20 09:54:11,MCD,244.19,125.0,sell,NYSE
tx_0007843,2025-06-20 09:54:13,MA,350.55,362.0,buy,NYSE
tx_0001569,2025-06-20 09:54:13,MSFT,298.1,974.0,sell,NASDAQ
tx_0004390,2025-06-20 09:54:17,MA,352.52,562.0,sell,NYSE
tx_0006654,2025-06-20 09:54:18,NFLX,508.66,85.0,buy,NASDAQ
tx_0008796,2025-06-20 09:54:19,NFLX,499.54,381.0,buy,NASDAQ
tx_0002153,2025-06-20 09:54:21,NVDA,210.11,238.0,buy,NASDAQ
tx_0000346,2025-06-20 09:54:24,AAPL,146.86,232.0,sell,NASDAQ
tx_0003355,2025-06-20 09:54:26,BRK.B,289.24,132.0,sell,NYSE
tx_0001692,2025-06-20 09:54:28,MSFT,298.85,775.0,buy,NASDAQ
tx_0009395,2025-06-20 09:54:34,KO,54.34,891.0,buy,NYSE
tx_0008446,2025-06-20 09:54:34,DIS,186.42,776.0,sell,NYSE
tx_0009574,2025-06-20 09:54:36,PYPL,254.35,841.0,sell,NASDAQ
tx_0004260,2025-06-20 09:54:37,KO,54.74,842.0,buy,NYSE
tx_0007927,2025-06-20 09:54:39,PEP,147.48,375.0,buy,NYSE
tx_0008839,2025-06-20 09:54:47,MA,355.99,743.0,buy,NYSE
tx_0006495,2025-06-20 09:54:48,JNJ,173.29,58.0,sell,NYSE
tx_0006965,2025-06-20 09:54:53,PG,141.39,517.0,sell,NYSE
tx_0006169,2025-06-20 09:54:56,PYPL,253.51,827.0,sell,NASDAQ
tx_0003066,2025-06-20 09:54:57,WMT,139.8,228.0,sell,NYSE
tx_0005033,2025-06-20 09:54:59,BRK.B,287.75,711.0,buy,NYSE
tx_0008734,2025-06-20 09:55:06,FB,329.34,190.0,sell,NASDAQ
tx_0003251,2025-06-20 09:55:09,JNJ,173.47,491.0,sell,NYSE
tx_0000827,2025-06-20 09:55:11,GOOGL,2786.87,686.0,buy,NASDAQ
tx_0006805,2025-06-20 09:55:12,AAPL,149.03,,sell,NASDAQ
tx_0003856,2025-06-20 09:55:12,AAPL,148.65,946.0,sell,NASDAQ
tx_0007985,2025-06-20 09:55:12,PEP,150.01,845.0,buy,NYSE
tx_0000776,2025-06-20 09:55:14,ADBE,606.63,887.0,buy,NASDAQ
tx_0008932,2025-06-20 09:55:15,NFLX,502.89,358.0,sell,NASDAQ
tx_0008015,2025-06-20 09:55:21,PYPL,251.23,526.0,buy,NASDAQ
tx_0000485,2025-06-20 09:55:22,PEP,149.67,767.0,sell,NYSE
tx_0000166,2025-06-20 09:55:23,ADBE,605.02,670.0,sell,NASDAQ
tx_0002175,2025-06-20 09:55:28,NVDA,209.75,110.0,buy,NASDAQ
tx_0001942,2025-06-20 09:55:42,DIS,186.49,401.0,,NYSE
tx_0001802,2025-06-20 09:55:48,PG,143.51,391.0,sell,NYSE
tx_0004405,2025-06-20 09:55:51,KO,54.65,492.0,buy,NYSE
tx_0001429,2025-06-20 09:55:55,MSFT,295.76,834.0,buy,NASDAQ
tx_0003169,2025-06-20 09:55:56,JNJ,172.7,7.0,buy,NYSE
tx_0009675,2025-06-20 09:55:57,AAPL,149.38,302.0,buy,NASDAQ
tx_0005632,2025-06-20 09:55:59,V,225.15,519.0,sell,NYSE
tx_0009799,2025-06-20 09:56:01,WMT,141.89,457.0,sell,NYSE
tx_0002960,2025-06-20 09:56:02,PG,142.52,577.0,buy,NYSE
tx_0007360,2025-06-20 09:56:03,MSFT,297.6,417.0,buy,NASDAQ
tx_0002579,2025-06-20 09:56:07,JNJ,172.75,81.0,buy,NYSE
tx_0007796,2025-06-20 09:56:08,MCD,244.58,257.0,sell,NYSE
tx_0008074,2025-06-20 09:56:10,V,225.11,566.0,sell,NYSE
tx_0007231,2025-06-20 09:56:11,MSFT,296.68,910.0,buy,NASDAQ
tx_0003325,2025-06-20 09:56:12,DIS,185.21,114.0,sell,NYSE
tx_0000648,2025-06-20 09:56:16,PYPL,253.03,800.0,sell,NASDAQ
tx_0009601,2025-06-20 09:56:18,MSFT,300.19,292.0,sell,NASDAQ
tx_0002990,2025-06-20 09:56:19,PEP,147.4,105.0,sell,NYSE
tx_0003859,2025-06-20 09:56:21,MCD,242.73,450.0,sell,NYSE
tx_0003294,2025-06-20 09:56:21,DIS,185.74,930.0,sell,NYSE
tx_0009773,2025-06-20 09:56:22,PYPL,253.33,579.0,sell,NASDAQ
tx_0007890,2025-06-20 09:56:24,TSLA,697.87,251.0,buy,NASDAQ
tx_0008250,2025-06-20 09:56:29,DIS,187.13,348.0,buy,NYSE
tx_0002037,2025-06-20 09:56:31,MSFT,297.29,426.0,buy,NASDAQ
tx_0002642,2025-06-20 09:56:41,KO,54.87,234.0,buy,NYSE
tx_0005427,2025-06-20 09:56:43,MCD,242.94,485.0,sell,NYSE
tx_0006609,2025-06-20 09:56:47,KO,54.36,857.0,buy,NYSE
tx_0002288,2025-06-20 09:56:48,MA,353.75,633.0,buy,NYSE
tx_0009708,2025-06-20 09:56:49,NVDA,210.79,848.0,buy,NASDAQ
tx_0009017,2025-06-20 09:56:53,PEP,149.7,242.0,buy,NYSE
tx_0003632,2025-06-20 09:56:53,AAPL,147.75,474.0,sell,NASDAQ
tx_0009108,2025-06-20 09:56:54,NFLX,508.43,,buy,NASDAQ
tx_0006566,2025-06-20 09:56:59,PEP,149.6,912.0,buy,NYSE
tx_0009077,2025-06-20 09:57:00,TSLA,701.95,8.0,buy,NASDAQ
tx_0000219,2025-06-20 09:57:08,JNJ,172.17,187.0,buy,NYSE
tx_0002648,2025-06-20 09:57:14,ADBE,608.99,697.0,buy,NASDAQ
tx_0001233,2025-06-20 09:57:17,MCD,244.88,836.0,sell,NYSE
tx_0007860,2025-06-20 09:57:21,BRK.B,290.05,901.0,sell,NYSE
tx_0004287,2025-06-20 09:57:25,DIS,186.38,504.0,sell,NYSE
tx_0006002,2025-06-20 09:57:34,KO,54.28,690.0,buy,NYSE
tx_0003314,2025-06-20 09:57:38,GOOGL,2799.06,815.0,sell,NASDAQ
tx_0001442,2025-06-20 09:57:43,KO,55.19,763.0,buy,NYSE
tx_0000407,2025-06-20 09:57:46,PYPL,251.53,878.0,sell,NASDAQ
tx_0005109,2025-06-20 09:57:47,AMZN,3413.23,419.0,sell,NASDAQ
tx_0006134,2025-06-20 09:57:47,NFLX,507.67,,buy,NASDAQ
tx_0002733,2025-06-20 09:57:48,NVDA,206.89,80.0,sell,NASDAQ
tx_0000794,2025-06-20 09:57:51,AAPL,150.65,974.0,buy,NASDAQ
tx_0007275,2025-06-20 09:57:55,AMZN,3426.51,23.0,buy,NASDAQ
tx_0006023,2025-06-20 09:57:57,TSLA,692.63,851.0,buy,NASDAQ
tx_0003080,2025-06-20 09:57:58,MCD,245.55,465.0,buy,NYSE
tx_0002811,2025-06-20 09:58:03,JNJ,173.48,833.0,sell,NYSE
tx_0001929,2025-06-20 09:58:04,ADBE,607.04,945.0,sell,NASDAQ
tx_0008751,2025-06-20 09:58:09,DIS,187.07,173.0,sell,NYSE
tx_0002105,2025-06-20 09:58:09,JNJ,173.99,615.0,buy,NYSE
tx_0006137,2025-06-20 09:58:16,MA,350.72,597.0,buy,NYSE
tx_0009991,2025-06-20 09:58:17,ADBE,602.08,992.0,sell,NASDAQ
tx_0006769,2025-06-20 09:58:18,JNJ,175.39,719.0,sell,NYSE
tx_0001621,2025-06-20 09:58:19,DIS,186.38,359.0,buy,NYSE
tx_0003775,2025-06-20 09:58:30,MSFT,298.44,335.0,buy,NASDAQ
tx_0000311,2025-06-20 09:58:34,MSFT,301.47,505.0,,NASDAQ
tx_0001046,2025-06-20 09:58:34,NFLX,502.03,365.0,sell,NASDAQ
tx_0008002,2025-06-20 09:58:39,TSLA,698.63,921.0,sell,NASDAQ
tx_0006579,2025-06-20 09:58:41,MSFT,298.89,127.0,sell,NASDAQ
tx_0004057,2025-06-20 09:58:41,BRK.B,287.63,134.0,buy,NYSE
tx_0000852,2025-06-20 09:58:42,MSFT,301.64,189.0,sell,NASDAQ
tx_0004237,2025-06-20 09:58:43,MA,357.63,183.0,sell,NYSE
tx_0007789,2025-06-20 09:58:51,MA,354.78,257.0,sell,NYSE
tx_0006268,2025-06-20 09:59:00,DIS,187.45,886.0,buy,NYSE
tx_0005041,2025-06-20 09:59:00,ADBE,610.09,959.0,buy,NASDAQ
tx_0008358,2025-06-20 09:59:03,PYPL,253.69,983.0,sell,NASDAQ
tx_0001859,2025-06-20 09:59:03,NFLX,504.54,521.0,buy,NASDAQ
tx_0003397,2025-06-20 09:59:06,MCD,246.64,483.0,sell,NYSE
tx_0003640,2025-06-20 09:59:07,MSFT,301.04,39.0,buy,NASDAQ
tx_0000137,2025-06-20 09:59:08,WMT,142.22,919.0,buy,NYSE
tx_0009642,2025-06-20 09:59:08,PG,142.8,174.0,buy,NYSE
tx_0003893,2025-06-20 09:59:10,KO,55.3,783.0,buy,NYSE
tx_0006101,2025-06-20 09:59:16,V,227.23,943.0,sell,NYSE
tx_0003473,2025-06-20 09:59:16,WMT,142.69,582.0,sell,NYSE
tx_0000779,2025-06-20 09:59:18,GOOGL,2786.24,633.0,buy,NASDAQ
tx_0003587,2025-06-20 09:59:18,TSLA,694.5,744.0,sell,NASDAQ
tx_0007933,2025-06-20 09:59:19,PYPL,252.43,211.0,sell,NASDAQ
tx_0007765,2025-06-20 09:59:20,NFLX,502.78,56.0,sell,NASDAQ
tx_0001270,2025-06-20 09:59:20,WMT,142.72,514.0,sell,NYSE
tx_0009255,2025-06-20 09:59:22,DIS,188.79,142.0,sell,NYSE
tx_0007718,2025-06-20 09:59:26,AMZN,,58.0,buy,NASDAQ
tx_0005153,2025-06-20 09:59:29,NFLX,507.86,260.0,sell,NASDAQ
tx_0001385,2025-06-20 09:59:31,PEP,148.05,344.0,sell,NYSE
tx_0005915,2025-06-20 09:59:34,GOOGL,2767.53,998.0,sell,NASDAQ
tx_0006923,2025-06-20 09:59:36,TSLA,701.92,727.0,,NASDAQ
tx_0002235,2025-06-20 09:59:37,V,228.33,607.0,buy,NYSE
tx_0002893,2025-06-20 09:59:44,WMT,140.0,648.0,sell,NYSE
tx_0006531,2025-06-20 09:59:47,TSLA,696.93,404.0,sell,NASDAQ
tx_0002580,2025-06-20 09:59:47,TSLA,699.33,945.0,buy,NASDAQ
tx_0008909,2025-06-20 09:59:48,TSLA,703.72,750.0,sell,NASDAQ
tx_0003660,2025-06-20 09:59:49,WMT,140.57,95.0,buy,NYSE
tx_0008375,2025-06-20 09:59:49,MCD,247.25,797.0,buy,NYSE
tx_0000915,2025-06-20 09:59:54,DIS,186.6,705.0,buy,NYSE
tx_0009572,2025-06-20 09:59:56,NVDA,208.17,105.0,buy,NASDAQ
tx_0004698,2025-06-20 09:59:57,NVDA,208.02,424.0,sell,NASDAQ
tx_0004782,2025-06-20 09:59:58,NVDA,207.23,782.0,sell,NASDAQ
tx_0004379,2025-06-20 10:00:02,PYPL,251.64,319.0,buy,NASDAQ
tx_0008962,2025-06-20 10:00:03,BRK.B,288.51,498.0,sell,NYSE
tx_0009332,2025-06-20 10:00:12,MA,357.22,978.0,buy,NYSE
tx_0004092,2025-06-20 10:00:15,GOOGL,2812.79,682.0,buy,NASDAQ
tx_0009881,2025-06-20 10:00:20,KO,54.86,373.0,buy,NYSE
tx_0002064,2025-06-20 10:00:25,MA,354.15,170.0,sell,NYSE
tx_0002663,2025-06-20 10:00:25,V,224.85,180.0,sell,NYSE
tx_0003491,2025-06-20 10:00:26,PG,144.09,986.0,sell,NYSE
tx_0004857,2025-06-20 10:00:27,ADBE,597.9,79.0,sell,NASDAQ
tx_0009418,2025-06-20 10:00:28,DIS,185.13,295.0,sell,NYSE
tx_0005968,2025-06-20 10:00:29,NVDA,210.21,411.0,sell,NASDAQ
tx_0008438,2025-06-20 10:00:29,PYPL,253.31,377.0,buy,NASDAQ
tx_0009556,2025-06-20 10:00:30,ADBE,602.69,7.0,buy,NASDAQ
tx_0000417,2025-06-20 10:00:31,KO,55.16,853.0,sell,NYSE
tx_0002415,2025-06-20 10:00:34,PG,141.54,380.0,sell,NYSE
tx_0000024,2025-06-20 10:00:35,NVDA,209.0,443.0,,NASDAQ
tx_0002137,2025-06-20 10:00:36,V,227.79,926.0,buy,NYSE
tx_0009326,2025-06-20 10:00:39,FB,331.17,860.0,buy,NASDAQ
tx_0004795,2025-06-20 10:00:43,AMZN,3450.99,607.0,sell,NASDAQ
tx_0004199,2025-06-20 10:00:43,TSLA,693.63,371.0,sell,NASDAQ
tx_0001903,2025-06-20 10:00:43,BRK.B,285.08,896.0,buy,NYSE
tx_0005607,2025-06-20 10:00:46,AAPL,148.14,850.0,sell,NASDAQ
tx_0005702,2025-06-20 10:00:47,MCD,248.34,271.0,buy,NYSE
tx_0008873,2025-06-20 10:00:48,AAPL,149.24,11.0,sell,NASDAQ
tx_0005711,2025-06-20 10:00:50,MCD,245.82,43.0,buy,NYSE
tx_0008947,2025-06-20 10:00:51,AAPL,150.33,519.0,buy,NASDAQ
tx_0008884,2025-06-20 10:00:51,AMZN,3407.77,619.0,buy,NASDAQ
tx_0005909,2025-06-20 10:00:54,NFLX,512.01,47.0,buy,NASDAQ
tx_0004766,2025-06-20 10:00:54,BRK.B,285.11,268.0,sell,NYSE
tx_0008219,2025-06-20 10:01:01,FB,331.73,475.0,buy,NASDAQ
tx_0009473,2025-06-20 10:01:03,ADBE,605.97,539.0,sell,NASDAQ
tx_0007924,2025-06-20 10:01:05,PG,143.45,299.0,buy,NYSE
tx_0004566,2025-06-20 10:01:14,FB,331.37,896.0,buy,NASDAQ
tx_0003654,2025-06-20 10:01:21,BRK.B,286.64,570.0,buy,NYSE
tx_0001054,2025-06-20 10:01:22,JNJ,174.47,301.0,buy,NYSE
tx_0007032,2025-06-20 10:01:25,AMZN,3398.47,256.0,buy,NASDAQ
tx_0004705,2025-06-20 10:01:26,PG,142.51,375.0,buy,NYSE
tx_0005396,2025-06-20 10:01:28,ADBE,604.83,26.0,buy,NASDAQ
tx_0003268,2025-06-20 10:01:31,AMZN,3401.67,745.0,buy,NASDAQ
tx_0006466,2025-06-20 10:01:36,AAPL,148.51,331.0,buy,NASDAQ
tx_0004534,2025-06-20 10:01:45,FB,328.47,174.0,sell,NASDAQ
tx_0009451,2025-06-20 10:01:47,V,229.73,422.0,sell,NYSE
tx_0003582,2025-06-20 10:01:48,TSLA,688.7,487.0,sell,NASDAQ
tx_0001037,2025-06-20 10:01:50,AMZN,3416.87,932.0,buy,NASDAQ
tx_0004833,2025-06-20 10:01:51,JNJ,171.49,873.0,sell,NYSE
tx_0004758,2025-06-20 10:01:55,MSFT,298.98,486.0,sell,NASDAQ
tx_0001543,2025-06-20 10:01:57,KO,55.19,544.0,buy,NYSE
tx_0001967,2025-06-20 10:02:02,PYPL,248.7,662.0,buy,NASDAQ
tx_0006148,2025-06-20 10:02:09,MCD,248.87,460.0,buy,NYSE
tx_0000001,2025-06-20 10:02:09,NVDA,211.43,289.0,sell,NASDAQ
tx_0002382,2025-06-20 10:02:14,WMT,140.65,51.0,buy,NYSE
tx_0007020,2025-06-20 10:02:18,GOOGL,2788.22,514.0,buy,NASDAQ
tx_0009232,2025-06-20 10:02:20,PEP,148.5,203.0,buy,NYSE
tx_0009651,2025-06-20 10:02:29,V,229.79,453.0,sell,NYSE
tx_0007303,2025-06-20 10:02:29,TSLA,696.45,160.0,sell,NASDAQ
tx_0002263,2025-06-20 10:02:31,FB,329.75,224.0,sell,NASDAQ
tx_0007496,2025-06-20 10:02:31,KO,54.64,544.0,sell,NYSE
tx_0008095,2025-06-20 10:02:31,MA,358.12,182.0,buy,NYSE
tx_0008393,2025-06-20 10:02:33,TSLA,689.96,356.0,sell,NASDAQ
tx_0003590,2025-06-20 10:02:38,FB,327.9,269.0,sell,NASDAQ
tx_0004209,2025-06-20 10:02:39,PEP,148.28,215.0,sell,NYSE
tx_0002422,2025-06-20 10:02:41,NFLX,503.07,413.0,sell,NASDAQ
tx_0003927,2025-06-20 10:02:43,WMT,139.63,316.0,sell,NYSE
tx_0007901,2025-06-20 10:02:43,MSFT,298.01,398.0,sell,NASDAQ
tx_0003897,2025-06-20 10:02:51,PG,143.53,650.0,sell,NYSE
tx_0009171,2025-06-20 10:02:52,MA,360.3,493.0,buy,NYSE
tx_0008386,2025-06-20 10:02:52,ADBE,606.15,327.0,sell,NASDAQ
tx_0008587,2025-06-20 10:02:54,WMT,139.43,174.0,buy,NYSE
tx_0002028,2025-06-20 10:02:55,AMZN,3411.08,525.0,buy,NASDAQ
tx_0002437,2025-06-20 10:02:56,GOOGL,2817.37,64.0,buy,NASDAQ
tx_0004148,2025-06-20 10:02:56,ADBE,606.31,800.0,buy,NASDAQ
tx_0002497,2025-06-20 10:02:57,PEP,148.25,91.0,sell,NYSE
tx_0001834,2025-06-20 10:03:04,GOOGL,2810.07,394.0,buy,NASDAQ
tx_0004015,2025-06-20 10:03:08,NVDA,210.54,889.0,sell,NASDAQ
tx_0009644,2025-06-20 10:03:08,FB,333.68,781.0,buy,NASDAQ
tx_0002610,2025-06-20 10:03:09,ADBE,607.29,527.0,buy,NASDAQ
tx_0003528,2025-06-20 10:03:15,DIS,184.7,623.0,sell,NYSE
tx_0007806,2025-06-20 10:03:15,AAPL,150.23,,buy,NASDAQ
tx_0009097,2025-06-20 10:03:21,JNJ,173.17,220.0,sell,NYSE
tx_0000337,2025-06-20 10:03:22,PYPL,251.8,968.0,buy,NASDAQ
tx_0005901,2025-06-20 10:03:22,PEP,149.33,159.0,sell,NYSE
tx_0000173,2025-06-20 10:03:24,TSLA,689.35,850.0,buy,NASDAQ
tx_0002483,2025-06-20 10:03:25,FB,332.08,518.0,sell,NASDAQ
tx_0001717,2025-06-20 10:03:26,PEP,149.39,20.0,sell,NYSE
tx_0001731,2025-06-20 10:03:32,TSLA,686.01,264.0,sell,NASDAQ
tx_0006783,2025-06-20 10:03:33,PEP,150.17,479.0,buy,NYSE
tx_0005751,2025-06-20 10:03:33,NFLX,507.06,547.0,sell,NASDAQ
tx_0001343,2025-06-20 10:03:35,KO,54.3,373.0,buy,NYSE
tx_0006151,2025-06-20 10:03:37,PEP,147.44,864.0,sell,NYSE
tx_0005689,2025-06-20 10:03:37,JNJ,170.67,886.0,buy,NYSE
tx_0008835,2025-06-20 10:03:46,JNJ,172.26,364.0,buy,NYSE
tx_0001076,2025-06-20 10:03:50,DIS,184.02,886.0,buy,NYSE
tx_0005399,2025-06-20 10:03:52,MCD,247.0,820.0,sell,NYSE
tx_0007240,2025-06-20 10:03:53,TSLA,696.03,109.0,buy,NASDAQ
tx_0002388,2025-06-20 10:03:53,WMT,139.03,70.0,buy,NYSE
tx_0004089,2025-06-20 10:03:54,AMZN,3395.68,850.0,buy,NASDAQ
tx_0004417,2025-06-20 10:03:54,AAPL,149.83,717.0,buy,NASDAQ
tx_0007857,2025-06-20 10:03:55,AAPL,150.71,892.0,sell,NASDAQ
tx_0000005,2025-06-20 10:03:55,PEP,149.48,91.0,sell,NYSE
tx_0007179,2025-06-20 10:04:05,KO,54.4,860.0,buy,NYSE
tx_0005225,2025-06-20 10:04:07,WMT,139.56,62.0,sell,NYSE
tx_0001676,2025-06-20 10:04:07,ADBE,605.19,863.0,buy,NASDAQ
tx_0008745,2025-06-20 10:04:07,AMZN,3381.45,543.0,sell,NASDAQ
tx_0007381,2025-06-20 10:04:09,AAPL,149.2,5.0,sell,NASDAQ
tx_0000310,2025-06-20 10:04:15,MA,358.26,368.0,buy,NYSE
tx_0008043,2025-06-20 10:04:16,MA,355.41,791.0,sell,NYSE
tx_0007017,2025-06-20 10:04:16,PG,141.85,732.0,buy,NYSE
tx_0007541,2025-06-20 10:04:16,NVDA,208.16,151.0,sell,NASDAQ
tx_0004525,2025-06-20 10:04:16,ADBE,601.18,23.0,buy,NASDAQ
tx_0003595,2025-06-20 10:04:17,ADBE,597.84,65.0,sell,NASDAQ
tx_0008754,2025-06-20 10:04:20,DIS,185.83,484.0,sell,NYSE
tx_0003798,2025-06-20 10:04:21,WMT,140.57,969.0,sell,NYSE
tx_0009385,2025-06-20 10:04:23,MA,355.71,926.0,sell,NYSE
tx_0005622,2025-06-20 10:04:24,KO,55.13,567.0,sell,NYSE
tx_0005878,2025-06-20 10:04:24,GOOGL,2822.72,752.0,buy,NASDAQ
tx_0006432,2025-06-20 10:04:26,MSFT,295.57,222.0,buy,
tx_0002206,2025-06-20 10:04:28,MSFT,297.6,462.0,sell,NASDAQ
tx_0006957,2025-06-20 10:04:28,JNJ,172.87,363.0,sell,NYSE
tx_0009209,2025-06-20 10:04:41,NVDA,208.63,960.0,sell,NASDAQ
tx_0009110,2025-06-20 10:04:42,V,,649.0,sell,NYSE
tx_0009246,2025-06-20 10:04:43,MSFT,299.32,403.0,buy,NASDAQ
tx_0005293,2025-06-20 10:04:45,TSLA,691.89,297.0,buy,NASDAQ
tx_0003607,2025-06-20 10:04:49,MCD,247.44,341.0,sell,NYSE
tx_0005304,2025-06-20 10:04:49,AMZN,3438.56,639.0,buy,NASDAQ
tx_0004818,2025-06-20 10:04:49,KO,54.83,80.0,buy,NYSE
tx_0009321,2025-06-20 10:04:50,GOOGL,2796.87,244.0,buy,NASDAQ
tx_0003399,2025-06-20 10:04:52,PEP,148.88,10.0,sell,NYSE
tx_0003681,2025-06-20 10:04:55,BRK.B,286.53,670.0,sell,NYSE
tx_0009518,2025-06-20 10:04:59,DIS,183.69,128.0,buy,NYSE
tx_0002805,2025-06-20 10:05:02,PEP,149.77,363.0,sell,NYSE
tx_0001948,2025-06-20 10:05:07,PYPL,251.32,118.0,buy,NASDAQ
tx_0001499,2025-06-20 10:05:08,KO,55.11,833.0,buy,NYSE
tx_0001794,2025-06-20 10:05:08,MCD,244.36,561.0,sell,NYSE
tx_0001902,2025-06-20 10:05:09,AAPL,149.19,809.0,buy,NASDAQ
tx_0008279,2025-06-20 10:05:10,PG,141.01,23.0,sell,NYSE
tx_0004001,2025-06-20 10:05:13,PG,141.45,989.0,buy,NYSE
tx_0009555,2025-06-20 10:05:15,V,230.05,834.0,sell,NYSE
tx_0005398,2025-06-20 10:05:15,WMT,140.39,852.0,sell,NYSE
tx_0009950,2025-06-20 10:05:17,JNJ,171.27,287.0,buy,NYSE
tx_0001895,2025-06-20 10:05:17,V,226.25,644.0,sell,NYSE
tx_0007112,2025-06-20 10:05:18,DIS,184.28,268.0,buy,NYSE
tx_0002138,2025-06-20 10:05:19,PYPL,249.86,476.0,sell,NASDAQ
tx_0006533,2025-06-20 10:05:21,TSLA,693.26,559.0,buy,NASDAQ
tx_0009026,2025-06-20 10:05:22,AMZN,3392.02,616.0,buy,NASDAQ
tx_0005446,2025-06-20 10:05:26,NFLX,507.49,359.0,buy,NASDAQ
tx_0003920,2025-06-20 10:05:32,DIS,183.76,621.0,sell,NYSE
tx_0009271,2025-06-20 10:05:36,NFLX,502.89,22.0,buy,NASDAQ
tx_0003109,2025-06-20 10:05:38,NFLX,501.61,11.0,buy,NASDAQ
tx_0003776,2025-06-20 10:05:40,WMT,141.2,882.0,buy,NYSE
tx_0001813,2025-06-20 10:05:41,FB,329.85,683.0,sell,NASDAQ
tx_0000933,2025-06-20 10:05:41,NFLX,504.18,273.0,buy,NASDAQ
tx_0002459,2025-06-20 10:05:43,ADBE,604.77,656.0,sell,NASDAQ
tx_0008627,2025-06-20 10:05:45,MCD,248.07,67.0,buy,NYSE
tx_0009056,2025-06-20 10:05:45,NFLX,510.25,913.0,sell,NASDAQ
tx_0001564,2025-06-20 10:05:48,JNJ,171.11,911.0,sell,NYSE
tx_0000527,2025-06-20 10:05:53,NVDA,208.27,19.0,sell,NASDAQ
tx_0000121,2025-06-20 10:05:55,PYPL,247.89,671.0,buy,NASDAQ
tx_0009791,2025-06-20 10:06:02,PG,142.32,401.0,buy,NYSE
tx_0006098,2025-06-20 10:06:03,V,230.33,952.0,sell,NYSE
tx_0005289,2025-06-20 10:06:03,MCD,248.07,654.0,buy,NYSE
tx_0008297,2025-06-20 10:06:06,MSFT,298.86,726.0,sell,NASDAQ
tx_0005276,2025-06-20 10:06:12,MCD,245.92,574.0,sell,NYSE
tx_0003147,2025-06-20 10:06:17,NVDA,210.12,751.0,sell,NASDAQ
tx_0008359,2025-06-20 10:06:17,AMZN,3426.95,882.0,buy,NASDAQ
tx_0009658,2025-06-20 10:06:18,NFLX,508.87,962.0,sell,NASDAQ
tx_0001057,2025-06-20 10:06:21,V,229.04,467.0,sell,NYSE
tx_0001747,2025-06-20 10:06:23,FB,328.03,593.0,buy,NASDAQ
tx_0005952,2025-06-20 10:06:27,GOOGL,2810.48,144.0,buy,NASDAQ
tx_0004060,2025-06-20 10:06:30,AMZN,3379.94,869.0,buy,NASDAQ
tx_0009672,2025-06-20 10:06:32,MA,354.32,358.0,sell,NYSE
tx_0007670,2025-06-20 10:06:33,JNJ,171.21,884.0,sell,NYSE
tx_0005298,2025-06-20 10:06:35,AAPL,148.66,568.0,buy,NASDAQ
tx_0000936,2025-06-20 10:06:38,V,228.49,210.0,buy,NYSE
tx_0000805,2025-06-20 10:06:40,DIS,185.15,625.0,sell,NYSE
tx_0009569,2025-06-20 10:06:42,GOOGL,2806.56,651.0,buy,NASDAQ
tx_0000962,2025-06-20 10:06:44,MSFT,303.36,640.0,buy,NASDAQ
tx_0009883,2025-06-20 10:06:45,V,232.44,497.0,buy,NYSE
tx_0009338,2025-06-20 10:06:45,V,231.57,720.0,sell,NYSE
tx_0007053,2025-06-20 10:06:50,KO,54.82,515.0,sell,NYSE
tx_0008048,2025-06-20 10:06:53,PG,142.08,922.0,buy,NYSE
tx_0002351,2025-06-20 10:06:56,PEP,148.18,12.0,buy,NYSE
tx_0005649,2025-06-20 10:06:57,BRK.B,282.08,673.0,sell,NYSE
tx_0006997,2025-06-20 10:07:00,JNJ,171.29,952.0,sell,NYSE
tx_0003948,2025-06-20 10:07:00,AMZN,3419.92,511.0,buy,NASDAQ
tx_0007637,2025-06-20 10:07:02,WMT,140.15,395.0,sell,NYSE
tx_0009506,2025-06-20 10:07:05,PEP,147.44,594.0,sell,NYSE
tx_0000787,2025-06-20 10:07:05,NFLX,507.3,206.0,buy,NASDAQ
tx_0005980,2025-06-20 10:07:05,BRK.B,286.1,320.0,sell,NYSE
tx_0002571,2025-06-20 10:07:06,DIS,185.69,930.0,sell,NYSE
tx_0008855,2025-06-20 10:07:08,BRK.B,282.17,128.0,sell,NYSE
tx_0003131,2025-06-20 10:07:14,AMZN,,436.0,buy,NASDAQ
tx_0009860,2025-06-20 10:07:15,ADBE,602.02,966.0,buy,NASDAQ
tx_0005165,2025-06-20 10:07:16,BRK.B,282.16,235.0,buy,NYSE
tx_0004778,2025-06-20 10:07:17,TSLA,686.97,544.0,sell,NASDAQ
tx_0006439,2025-06-20 10:07:17,PG,142.02,488.0,sell,NYSE
tx_0001510,2025-06-20 10:07:20,NVDA,208.07,878.0,buy,NASDAQ
tx_0001315,2025-06-20 10:07:23,PG,143.5,649.0,buy,NYSE
tx_0002795,2025-06-20 10:07:23,WMT,140.91,712.0,buy,NYSE
tx_0000134,2025-06-20 10:07:24,GOOGL,2820.31,915.0,sell,NASDAQ
tx_0009815,2025-06-20 10:07:24,AMZN,3437.77,574.0,buy,NASDAQ
tx_0000047,2025-06-20 10:07:26,KO,54.38,888.0,buy,NYSE
tx_0005185,2025-06-20 10:07:27,BRK.B,282.14,694.0,buy,NYSE
tx_0005567,2025-06-20 10:07:27,ADBE,603.47,899.0,,NASDAQ
tx_0001364,2025-06-20 10:07:31,DIS,185.35,459.0,buy,NYSE
tx_0000822,2025-06-20 10:07:33,NFLX,509.37,690.0,sell,NASDAQ
tx_0009948,2025-06-20 10:07:35,PG,141.75,38.0,sell,NYSE
tx_0006613,2025-06-20 10:07:36,BRK.B,286.45,442.0,buy,NYSE
tx_0005425,2025-06-20 10:07:41,FB,330.38,180.0,sell,NASDAQ
tx_0009898,2025-06-20 10:07:42,MSFT,300.63,870.0,buy,NASDAQ
tx_0003748,2025-06-20 10:07:49,AAPL,149.49,689.0,sell,NASDAQ
tx_0008688,2025-06-20 10:07:58,MSFT,303.71,262.0,sell,NASDAQ
tx_0000361,2025-06-20 10:08:04,MSFT,303.04,930.0,buy,NASDAQ
tx_0003075,2025-06-20 10:08:08,PEP,147.92,677.0,buy,NYSE
tx_0000539,2025-06-20 10:08:16,MSFT,300.64,914.0,buy,NASDAQ
tx_0003030,2025-06-20 10:08:17,V,231.88,492.0,sell,NYSE
tx_0005422,2025-06-20 10:08:17,DIS,185.36,839.0,sell,NYSE
tx_0001555,2025-06-20 10:08:20,ADBE,599.9,615.0,buy,NASDAQ
tx_0009563,2025-06-20 10:08:23,MA,356.48,383.0,sell,NYSE
tx_0000956,2025-06-20 10:08:25,MCD,244.63,839.0,buy,NYSE
tx_0006687,2025-06-20 10:08:25,AAPL,148.58,832.0,sell,NASDAQ
tx_0006033,2025-06-20 10:08:26,MA,359.93,319.0,buy,NYSE
tx_0000063,2025-06-20 10:08:27,NFLX,509.03,804.0,buy,NASDAQ
tx_0002281,2025-06-20 10:08:45,V,230.09,974.0,sell,NYSE
tx_0002797,2025-06-20 10:08:47,MSFT,302.27,862.0,buy,NASDAQ
tx_0001026,2025-06-20 10:08:51,FB,332.32,262.0,sell,NASDAQ
tx_0003988,2025-06-20 10:08:52,AAPL,150.07,313.0,buy,NASDAQ
tx_0007598,2025-06-20 10:08:52,JNJ,170.93,849.0,sell,NYSE
tx_0003588,2025-06-20 10:08:59,ADBE,613.28,786.0,buy,NASDAQ
tx_0007329,2025-06-20 10:09:05,AAPL,147.28,26.0,buy,NASDAQ
tx_0006359,2025-06-20 10:09:06,PYPL,246.96,738.0,sell,NASDAQ
tx_0001754,2025-06-20 10:09:07,AAPL,148.27,403.0,sell,NASDAQ
tx_0007448,2025-06-20 10:09:09,TSLA,692.78,532.0,buy,NASDAQ
tx_0000386,2025-06-20 10:09:11,AAPL,147.68,62.0,sell,NASDAQ
tx_0006231,2025-06-20 10:09:11,TSLA,687.84,982.0,sell,NASDAQ
tx_0002689,2025-06-20 10:09:13,PEP,148.9,556.0,buy,NYSE
tx_0000612,2025-06-20 10:09:13,GOOGL,2821.72,472.0,buy,NASDAQ
tx_0001313,2025-06-20 10:09:14,KO,54.87,428.0,sell,NYSE
tx_0002407,2025-06-20 10:09:18,NVDA,210.58,151.0,buy,NASDAQ
tx_0000849,2025-06-20 10:09:19,TSLA,689.31,248.0,buy,NASDAQ
tx_0002210,2025-06-20 10:09:20,FB,328.6,895.0,buy,NASDAQ
tx_0007699,2025-06-20 10:09:22,MCD,248.55,392.0,sell,NYSE
tx_0008805,2025-06-20 10:09:25,MA,354.11,926.0,sell,NYSE
tx_0001482,2025-06-20 10:09:27,GOOGL,2787.18,422.0,sell,NASDAQ
tx_0000575,2025-06-20 10:09:30,NVDA,210.69,156.0,sell,NASDAQ
tx_0002466,2025-06-20 10:09:30,NFLX,507.46,683.0,sell,NASDAQ
tx_0006133,2025-06-20 10:09:31,BRK.B,284.48,233.0,buy,NYSE
tx_0009630,2025-06-20 10:09:32,WMT,138.74,838.0,sell,NYSE
tx_0001377,2025-06-20 10:09:37,V,230.31,391.0,buy,NYSE
tx_0003698,2025-06-20 10:09:38,WMT,139.51,454.0,buy,NYSE
tx_0004962,2025-06-20 10:09:38,DIS,184.76,231.0,sell,NYSE
tx_0001566,2025-06-20 10:09:40,NVDA,207.62,262.0,buy,NASDAQ
tx_0006865,2025-06-20 10:09:40,JNJ,171.71,782.0,buy,NYSE
tx_0008401,2025-06-20 10:09:41,TSLA,692.35,198.0,buy,NASDAQ
tx_0001869,2025-06-20 10:09:43,ADBE,606.13,163.0,buy,NASDAQ
tx_0007198,2025-06-20 10:09:45,TSLA,697.6,350.0,buy,NASDAQ
tx_0004080,2025-06-20 10:09:45,PYPL,251.42,563.0,buy,NASDAQ
tx_0008642,2025-06-20 10:09:47,JNJ,170.54,168.0,sell,NYSE
tx_0000484,2025-06-20 10:09:52,NFLX,499.22,246.0,buy,NASDAQ
tx_0001260,2025-06-20 10:09:54,KO,55.47,467.0,buy,NYSE
tx_0002264,2025-06-20 10:09:56,JNJ,171.0,226.0,buy,NYSE
tx_0006908,2025-06-20 10:09:57,MCD,245.12,540.0,buy,NYSE
tx_0007889,2025-06-20 10:09:59,MA,355.96,1000.0,sell,NYSE
tx_0009466,2025-06-20 10:10:02,NVDA,209.49,732.0,sell,NASDAQ
tx_0002768,2025-06-20 10:10:02,DIS,183.94,761.0,buy,NYSE
tx_0009224,2025-06-20 10:10:03,KO,54.84,776.0,sell,NYSE
tx_0007621,2025-06-20 10:10:04,MSFT,299.48,115.0,sell,NASDAQ
tx_0003339,2025-06-20 10:10:06,V,228.71,505.0,sell,NYSE
tx_0005169,2025-06-20 10:10:06,FB,333.28,950.0,sell,NASDAQ
tx_0001248,2025-06-20 10:10:08,V,229.33,537.0,buy,NYSE
tx_0004090,2025-06-20 10:10:13,PYPL,250.0,120.0,buy,NASDAQ
tx_0002766,2025-06-20 10:10:14,MCD,247.81,810.0,sell,NYSE
tx_0005914,2025-06-20 10:10:14,V,230.43,3.0,sell,NYSE
tx_0001010,2025-06-20 10:10:16,AAPL,147.72,465.0,sell,NASDAQ
tx_0006118,2025-06-20 10:10:20,MSFT,299.76,455.0,buy,NASDAQ
tx_0005936,2025-06-20 10:10:20,MA,356.08,617.0,sell,NYSE
tx_0004684,2025-06-20 10:10:22,AMZN,3420.72,149.0,sell,NASDAQ
tx_0003416,2025-06-20 10:10:30,WMT,140.74,578.0,,NYSE
tx_0009712,2025-06-20 10:10:31,V,231.89,173.0,buy,NYSE
tx_0002444,2025-06-20 10:10:31,WMT,139.47,371.0,buy,NYSE
tx_0007234,2025-06-20 10:10:33,PYPL,248.22,474.0,sell,NASDAQ
tx_0007895,2025-06-20 10:10:35,BRK.B,287.56,256.0,buy,NYSE
tx_0001255,2025-06-20 10:10:37,JNJ,171.43,168.0,sell,
tx_0002035,2025-06-20 10:10:40,PG,142.47,131.0,sell,NYSE
tx_0003044,2025-06-20 10:10:45,V,230.02,17.0,sell,NYSE
tx_0000433,2025-06-20 10:10:45,GOOGL,2836.17,599.0,buy,NASDAQ
tx_0006737,2025-06-20 10:10:45,WMT,138.96,617.0,buy,NYSE
tx_0007022,2025-06-20 10:10:51,AAPL,148.4,606.0,sell,NASDAQ
tx_0007535,2025-06-20 10:10:52,PEP,149.67,559.0,sell,NYSE
tx_0009307,2025-06-20 10:10:52,MCD,245.32,950.0,buy,NYSE
tx_0002107,2025-06-20 10:10:56,DIS,182.39,73.0,buy,NYSE
tx_0007357,2025-06-20 10:10:57,ADBE,607.99,625.0,buy,NASDAQ
tx_0000315,2025-06-20 10:10:58,PEP,148.41,977.0,sell,NYSE
tx_0006848,2025-06-20 10:11:01,MA,355.82,626.0,buy,NYSE
tx_0009892,2025-06-20 10:11:03,MCD,246.37,478.0,sell,NYSE
tx_0003949,2025-06-20 10:11:11,ADBE,614.43,999.0,sell,NASDAQ
tx_0000682,2025-06-20 10:11:12,MSFT,304.2,96.0,sell,NASDAQ
tx_0005895,2025-06-20 10:11:17,PEP,149.54,,sell,NYSE
tx_0009820,2025-06-20 10:11:18,DIS,182.64,760.0,buy,NYSE
tx_0005224,2025-06-20 10:11:21,PYPL,249.29,116.0,sell,NASDAQ
tx_0009334,2025-06-20 10:11:22,GOOGL,2788.29,440.0,sell,NASDAQ
tx_0002997,2025-06-20 10:11:25,DIS,184.18,830.0,sell,NYSE
tx_0001138,2025-06-20 10:11:26,MA,356.04,716.0,sell,NYSE
tx_0000820,2025-06-20 10:11:26,TSLA,691.21,681.0,buy,NASDAQ
tx_0008782,2025-06-20 10:11:27,AAPL,147.25,211.0,sell,NASDAQ
tx_0006775,2025-06-20 10:11:28,DIS,184.51,625.0,buy,NYSE
tx_0003760,2025-06-20 10:11:34,NFLX,500.09,796.0,sell,NASDAQ
tx_0004932,2025-06-20 10:11:36,ADBE,607.42,388.0,buy,NASDAQ
tx_0000467,2025-06-20 10:11:37,NVDA,206.54,132.0,sell,NASDAQ
tx_0002518,2025-06-20 10:11:40,PYPL,252.43,291.0,sell,NASDAQ
tx_0008701,2025-06-20 10:11:42,PG,141.14,981.0,sell,NYSE
tx_0008615,2025-06-20 10:11:42,V,229.35,378.0,buy,NYSE
tx_0006972,2025-06-20 10:11:45,PG,,238.0,sell,NYSE
tx_0002134,2025-06-20 10:11:45,MSFT,300.9,4.0,buy,NASDAQ
tx_0002461,2025-06-20 10:11:48,ADBE,605.17,413.0,buy,NASDAQ
tx_0000408,2025-06-20 10:11:50,MCD,245.21,542.0,sell,NYSE
tx_0006393,2025-06-20 10:12:00,DIS,185.67,950.0,sell,NYSE
tx_0000739,2025-06-20 10:12:01,FB,333.04,801.0,sell,NASDAQ
tx_0007314,2025-06-20 10:12:01,NFLX,501.51,144.0,sell,NASDAQ
tx_0001609,2025-06-20 10:12:01,WMT,141.25,465.0,sell,NYSE
tx_0006197,2025-06-20 10:12:01,MSFT,302.64,296.0,buy,NASDAQ
tx_0008152,2025-06-20 10:12:05,PG,141.46,793.0,sell,NYSE
tx_0006304,2025-06-20 10:12:05,FB,328.8,644.0,buy,NASDAQ
tx_0008181,2025-06-20 10:12:08,WMT,139.14,35.0,sell,NYSE
tx_0005377,2025-06-20 10:12:09,BRK.B,288.26,781.0,sell,NYSE
tx_0005090,2025-06-20 10:12:10,V,227.79,842.0,sell,NYSE
tx_0005268,2025-06-20 10:12:11,PEP,148.43,136.0,sell,NYSE
tx_0002447,2025-06-20 10:12:11,MSFT,301.89,549.0,sell,NASDAQ
tx_0005485,2025-06-20 10:12:11,ADBE,607.89,951.0,buy,NASDAQ
tx_0002987,2025-06-20 10:12:13,NFLX,504.89,479.0,sell,NASDAQ
tx_0001803,2025-06-20 10:12:14,NVDA,207.98,478.0,buy,NASDAQ
tx_0003745,2025-06-20 10:12:16,MSFT,303.68,534.0,sell,NASDAQ
tx_0004804,2025-06-20 10:12:16,BRK.B,286.78,883.0,sell,NYSE
tx_0007628,2025-06-20 10:12:22,ADBE,605.92,407.0,buy,NASDAQ
tx_0009911,2025-06-20 10:12:23,V,228.2,200.0,sell,NYSE
tx_0005351,2025-06-20 10:12:30,DIS,184.19,155.0,buy,NYSE
tx_0004425,2025-06-20 10:12:30,AAPL,148.56,244.0,sell,NASDAQ
tx_0002784,2025-06-20 10:12:31,TSLA,689.38,261.0,sell,NASDAQ
tx_0001683,2025-06-20 10:12:36,AAPL,146.96,548.0,sell,NASDAQ
tx_0004113,2025-06-20 10:12:41,PG,141.73,710.0,sell,NYSE
tx_0009343,2025-06-20 10:12:42,JNJ,172.97,539.0,buy,NYSE
tx_0004822,2025-06-20 10:12:45,JNJ,172.0,300.0,sell,NYSE
tx_0002439,2025-06-20 10:12:51,PG,143.01,152.0,buy,NYSE
tx_0006081,2025-06-20 10:12:56,AMZN,3424.64,772.0,sell,NASDAQ
tx_0008788,2025-06-20 10:13:03,BRK.B,284.02,108.0,buy,NYSE
tx_0006053,2025-06-20 10:13:06,MCD,244.92,870.0,buy,NYSE
tx_0004071,2025-06-20 10:13:06,NFLX,498.47,872.0,sell,NASDAQ
tx_0007946,2025-06-20 10:13:07,KO,54.53,866.0,sell,NYSE
tx_0004757,2025-06-20 10:13:08,V,227.71,32.0,buy,NYSE
tx_0005305,2025-06-20 10:13:08,KO,54.98,144.0,buy,NYSE
tx_0001158,2025-06-20 10:13:11,WMT,139.85,50.0,sell,NYSE
tx_0007530,2025-06-20 10:13:15,KO,54.43,563.0,sell,NYSE
tx_0007846,2025-06-20 10:13:18,NVDA,206.35,681.0,sell,NASDAQ
tx_0003926,2025-06-20 10:13:18,PYPL,251.17,745.0,buy,NASDAQ
tx_0004181,2025-06-20 10:13:22,DIS,186.03,942.0,sell,NYSE
tx_0008288,2025-06-20 10:13:23,PG,141.61,676.0,buy,NYSE
tx_0009868,2025-06-20 10:13:24,GOOGL,2795.64,865.0,buy,NASDAQ
tx_0002364,2025-06-20 10:13:27,DIS,186.1,837.0,sell,NYSE
tx_0007014,2025-06-20 10:13:28,PEP,148.48,882.0,sell,NYSE
tx_0004961,2025-06-20 10:13:31,ADBE,611.62,276.0,sell,NASDAQ
tx_0002354,2025-06-20 10:13:32,V,226.7,270.0,sell,NYSE
tx_0004264,2025-06-20 10:13:37,KO,54.3,460.0,sell,NYSE
tx_0007248,2025-06-20 10:13:38,TSLA,694.45,871.0,buy,NASDAQ
tx_0008155,2025-06-20 10:13:42,NFLX,507.45,632.0,buy,NASDAQ
tx_0009757,2025-06-20 10:13:43,GOOGL,2851.39,53.0,buy,NASDAQ
tx_0000662,2025-06-20 10:13:52,KO,54.04,147.0,sell,NYSE
tx_0009733,2025-06-20 10:13:53,V,226.64,709.0,buy,NYSE
tx_0003431,2025-06-20 10:13:57,TSLA,685.73,30.0,sell,NASDAQ
tx_0006314,2025-06-20 10:13:59,NFLX,507.69,928.0,buy,NASDAQ
tx_0009541,2025-06-20 10:14:00,JNJ,172.79,89.0,sell,NYSE
tx_0008619,2025-06-20 10:14:01,NFLX,503.09,582.0,sell,NASDAQ
tx_0002903,2025-06-20 10:14:05,FB,329.48,866.0,buy,NASDAQ
tx_0009079,2025-06-20 10:14:06,AMZN,3426.85,494.0,buy,NASDAQ
tx_0000171,2025-06-20 10:14:12,WMT,142.16,769.0,sell,NYSE
tx_0004575,2025-06-20 10:14:15,PEP,147.01,405.0,buy,NYSE
tx_0009381,2025-06-20 10:14:18,MCD,245.85,916.0,buy,NYSE
tx_0008190,2025-06-20 10:14:26,ADBE,612.39,272.0,sell,NASDAQ
tx_0002170,2025-06-20 10:14:26,MSFT,300.8,443.0,buy,NASDAQ
tx_0007310,2025-06-20 10:14:27,WMT,142.19,922.0,buy,NYSE
tx_0002127,2025-06-20 10:14:27,AMZN,3455.75,775.0,sell,NASDAQ
tx_0008925,2025-06-20 10:14:35,NFLX,506.4,179.0,buy,NASDAQ
tx_0004385,2025-06-20 10:14:35,PG,143.21,608.0,buy,NYSE
tx_0009141,2025-06-20 10:14:41,TSLA,694.89,220.0,sell,NASDAQ
tx_0004777,2025-06-20 10:14:42,ADBE,615.76,901.0,sell,NASDAQ
tx_0000006,2025-06-20 10:14:43,ADBE,609.26,447.0,sell,NASDAQ
tx_0008111,2025-06-20 10:14:43,NVDA,209.03,708.0,sell,NASDAQ
tx_0003971,2025-06-20 10:14:46,DIS,187.07,232.0,buy,
tx_0003569,2025-06-20 10:14:46,PG,140.99,157.0,buy,NYSE
tx_0003407,2025-06-20 10:14:48,V,228.39,355.0,buy,NYSE
tx_0006857,2025-06-20 10:14:52,TSLA,688.19,162.0,buy,NASDAQ
tx_0008733,2025-06-20 10:14:52,ADBE,612.98,424.0,sell,NASDAQ
tx_0003954,2025-06-20 10:14:55,WMT,139.63,342.0,sell,NYSE
tx_0001858,2025-06-20 10:14:58,MA,352.72,100.0,sell,NYSE
tx_0004146,2025-06-20 10:15:01,JNJ,173.38,882.0,buy,NYSE
tx_0008326,2025-06-20 10:15:04,V,230.93,847.0,buy,NYSE
tx_0003082,2025-06-20 10:15:06,MSFT,301.38,534.0,sell,NASDAQ
tx_0006326,2025-06-20 10:15:12,MA,354.54,809.0,sell,NYSE
tx_0007264,2025-06-20 10:15:19,FB,330.64,776.0,buy,NASDAQ
tx_0002917,2025-06-20 10:15:26,TSLA,684.0,996.0,buy,NASDAQ
tx_0003711,2025-06-20 10:15:28,V,230.85,241.0,buy,NYSE
tx_0001537,2025-06-20 10:15:30,NVDA,208.1,906.0,buy,NASDAQ
tx_0008806,2025-06-20 10:15:30,PYPL,250.24,256.0,sell,NASDAQ
tx_0004540,2025-06-20 10:15:31,GOOGL,2821.47,537.0,sell,NASDAQ
tx_0008320,2025-06-20 10:15:35,MSFT,301.86,841.0,sell,NASDAQ
tx_0007376,2025-06-20 10:15:36,JNJ,172.16,223.0,buy,NYSE
tx_0000057,2025-06-20 10:15:38,PYPL,249.81,644.0,buy,NASDAQ
tx_0001447,2025-06-20 10:15:40,MCD,244.63,603.0,buy,NYSE
tx_0001484,2025-06-20 10:15:40,AMZN,3449.28,939.0,buy,NASDAQ
tx_0001167,2025-06-20 10:15:43,TSLA,692.56,78.0,sell,NASDAQ
tx_0003157,2025-06-20 10:15:43,V,231.42,884.0,sell,NYSE
tx_0009824,2025-06-20 10:15:43,BRK.B,285.93,293.0,sell,NYSE
tx_0004003,2025-06-20 10:15:43,NVDA,209.49,554.0,buy,NASDAQ
tx_0007935,2025-06-20 10:15:49,AAPL,147.96,334.0,sell,NASDAQ
tx_0000253,2025-06-20 10:15:49,AAPL,149.29,432.0,sell,NASDAQ
tx_0001296,2025-06-20 10:15:51,PG,141.4,981.0,sell,NYSE
tx_0002986,2025-06-20 10:15:51,AMZN,3417.37,808.0,sell,NASDAQ
tx_0008449,2025-06-20 10:15:52,KO,54.8,922.0,sell,NYSE
tx_0005525,2025-06-20 10:15:54,MCD,243.44,74.0,buy,NYSE
tx_0004299,2025-06-20 10:15:56,NFLX,500.09,691.0,buy,NASDAQ
tx_0003328,2025-06-20 10:16:00,FB,326.64,836.0,sell,NASDAQ
tx_0006097,2025-06-20 10:16:00,JNJ,173.09,877.0,sell,NYSE
tx_0005373,2025-06-20 10:16:01,TSLA,688.72,37.0,buy,NASDAQ
tx_0004518,2025-06-20 10:16:04,PG,142.08,19.0,sell,NYSE
tx_0008337,2025-06-20 10:16:04,TSLA,692.71,414.0,buy,NASDAQ
tx_0009582,2025-06-20 10:16:07,V,228.87,326.0,buy,NYSE
tx_0004521,2025-06-20 10:16:08,PG,142.96,81.0,sell,NYSE
tx_0005899,2025-06-20 10:16:08,PG,143.53,300.0,sell,NYSE
tx_0001120,2025-06-20 10:16:09,KO,54.99,580.0,buy,NYSE
tx_0004883,2025-06-20 10:16:22,AMZN,3430.94,840.0,sell,NASDAQ
tx_0006315,2025-06-20 10:16:23,KO,55.07,932.0,sell,NYSE
tx_0002742,2025-06-20 10:16:24,PG,142.96,907.0,sell,NYSE
tx_0004444,2025-06-20 10:16:26,ADBE,607.32,771.0,sell,NASDAQ
tx_0001668,2025-06-20 10:16:27,NFLX,500.18,379.0,sell,NASDAQ
tx_0006195,2025-06-20 10:16:28,BRK.B,287.93,292.0,sell,NYSE
tx_0004109,2025-06-20 10:16:29,WMT,142.12,178.0,buy,NYSE
tx_0004849,2025-06-20 10:16:33,MA,356.84,233.0,buy,NYSE
tx_0000886,2025-06-20 10:16:34,BRK.B,291.34,405.0,buy,NYSE
tx_0008602,2025-06-20 10:16:36,BRK.B,287.62,314.0,buy,NYSE
tx_0006328,2025-06-20 10:16:40,DIS,186.56,811.0,sell,NYSE
tx_0006193,2025-06-20 10:16:40,PG,142.83,244.0,buy,NYSE
tx_0006383,2025-06-20 10:16:41,BRK.B,291.11,269.0,buy,NYSE
tx_0002756,2025-06-20 10:16:44,AAPL,148.55,921.0,sell,NASDAQ
tx_0007093,2025-06-20 10:16:48,GOOGL,2850.42,478.0,sell,NASDAQ
tx_0004513,2025-06-20 10:16:57,MA,358.9,710.0,buy,NYSE
tx_0005587,2025-06-20 10:16:58,FB,328.02,167.0,buy,NASDAQ
tx_0001196,2025-06-20 10:16:58,MSFT,297.6,265.0,buy,NASDAQ
tx_0004629,2025-06-20 10:16:59,PEP,147.46,466.0,buy,NYSE
tx_0003561,2025-06-20 10:17:02,AMZN,3453.84,366.0,buy,NASDAQ
tx_0005220,2025-06-20 10:17:03,PG,142.3,579.0,sell,NYSE
tx_0002079,2025-06-20 10:17:15,GOOGL,2845.31,645.0,sell,NASDAQ
tx_0004189,2025-06-20 10:17:16,AAPL,148.34,268.0,buy,NASDAQ
tx_0001438,2025-06-20 10:17:19,GOOGL,2818.14,552.0,sell,NASDAQ
tx_0007755,2025-06-20 10:17:20,NFLX,498.38,998.0,sell,NASDAQ
tx_0004531,2025-06-20 10:17:20,MSFT,300.84,254.0,buy,NASDAQ
tx_0009796,2025-06-20 10:17:21,WMT,140.87,678.0,sell,NYSE
tx_0007139,2025-06-20 10:17:22,PEP,147.34,645.0,sell,NYSE
tx_0004523,2025-06-20 10:17:23,GOOGL,2825.78,666.0,buy,NASDAQ
tx_0008431,2025-06-20 10:17:24,TSLA,684.98,210.0,sell,NASDAQ
tx_0004296,2025-06-20 10:17:27,MCD,240.53,303.0,sell,NYSE
tx_0006877,2025-06-20 10:17:29,MSFT,299.94,639.0,buy,NASDAQ
tx_0003126,2025-06-20 10:17:33,MCD,245.47,13.0,buy,NYSE
tx_0004203,2025-06-20 10:17:35,JNJ,171.19,202.0,sell,NYSE
tx_0006422,2025-06-20 10:17:35,WMT,141.4,815.0,sell,NYSE
tx_0000499,2025-06-20 10:17:38,FB,327.26,988.0,sell,NASDAQ
tx_0005271,2025-06-20 10:17:45,TSLA,689.85,526.0,buy,NASDAQ
tx_0001517,2025-06-20 10:17:49,MSFT,299.68,750.0,sell,NASDAQ
tx_0005415,2025-06-20 10:17:51,FB,328.8,874.0,sell,NASDAQ
tx_0004212,2025-06-20 10:17:54,MCD,242.81,51.0,buy,NYSE
tx_0003143,2025-06-20 10:17:55,PEP,147.85,804.0,buy,NYSE
tx_0005435,2025-06-20 10:17:56,PEP,147.5,876.0,sell,NYSE
tx_0003380,2025-06-20 10:17:57,PYPL,244.44,765.0,buy,NASDAQ
tx_0006696,2025-06-20 10:17:59,MA,358.15,731.0,buy,NYSE
tx_0004891,2025-06-20 10:18:02,GOOGL,2815.57,601.0,buy,NASDAQ
tx_0008742,2025-06-20 10:18:06,PYPL,246.78,847.0,sell,NASDAQ
tx_0006013,2025-06-20 10:18:10,MA,356.37,445.0,sell,NYSE
tx_0003041,2025-06-20 10:18:12,WMT,141.6,460.0,sell,NYSE
tx_0008758,2025-06-20 10:18:12,DIS,186.03,141.0,sell,NYSE
tx_0003218,2025-06-20 10:18:13,BRK.B,290.64,61.0,buy,NYSE
tx_0004846,2025-06-20 10:18:16,DIS,185.28,960.0,sell,NYSE
tx_0009979,2025-06-20 10:18:22,WMT,141.17,719.0,sell,NYSE
tx_0000926,2025-06-20 10:18:22,PEP,,878.0,buy,NYSE
tx_0004311,2025-06-20 10:18:22,PG,140.63,765.0,sell,NYSE
tx_0007936,2025-06-20 10:18:25,V,231.26,72.0,buy,NYSE
tx_0002918,2025-06-20 10:18:29,DIS,185.34,401.0,sell,NYSE
tx_0000694,2025-06-20 10:18:30,AMZN,3412.8,77.0,buy,NASDAQ
tx_0005546,2025-06-20 10:18:32,PYPL,249.9,867.0,sell,NASDAQ
tx_0009825,2025-06-20 10:18:36,NFLX,500.22,656.0,buy,NASDAQ
tx_0007294,2025-06-20 10:18:38,DIS,186.21,767.0,sell,NYSE
tx_0001213,2025-06-20 10:18:38,NVDA,209.84,611.0,buy,NASDAQ
tx_0006738,2025-06-20 10:18:40,MSFT,295.43,50.0,buy,NASDAQ
tx_0001863,2025-06-20 10:18:40,MCD,245.15,950.0,sell,NYSE
tx_0005808,2025-06-20 10:18:40,DIS,185.63,712.0,buy,NYSE
tx_0009492,2025-06-20 10:18:44,PG,142.89,620.0,buy,NYSE
tx_0008945,2025-06-20 10:18:45,MA,358.24,709.0,buy,NYSE
tx_0008736,2025-06-20 10:18:49,AMZN,3460.53,799.0,buy,NASDAQ
tx_0002994,2025-06-20 10:18:50,PEP,149.3,104.0,buy,NYSE
tx_0002334,2025-06-20 10:18:52,AAPL,146.96,377.0,sell,NASDAQ
tx_0001764,2025-06-20 10:18:53,PYPL,249.06,147.0,,NASDAQ
tx_0003406,2025-06-20 10:18:54,MCD,244.71,223.0,buy,NYSE
tx_0001220,2025-06-20 10:18:59,NFLX,501.43,609.0,sell,NASDAQ
tx_0004955,2025-06-20 10:19:01,NVDA,205.87,781.0,sell,NASDAQ
tx_0005718,2025-06-20 10:19:02,TSLA,685.07,932.0,buy,NASDAQ
tx_0006175,2025-06-20 10:19:02,MCD,244.04,456.0,sell,NYSE
tx_0000321,2025-06-20 10:19:08,PG,140.75,311.0,buy,NYSE
tx_0001361,2025-06-20 10:19:08,GOOGL,2818.48,748.0,sell,NASDAQ
tx_0001161,2025-06-20 10:19:09,TSLA,683.61,624.0,sell,NASDAQ
tx_0007422,2025-06-20 10:19:13,NVDA,207.01,403.0,sell,NASDAQ
tx_0007306,2025-06-20 10:19:19,V,231.32,908.0,sell,NYSE
tx_0004332,2025-06-20 10:19:21,BRK.B,289.06,604.0,buy,NYSE
tx_0001173,2025-06-20 10:19:34,AAPL,149.48,315.0,buy,NASDAQ
tx_0001373,2025-06-20 10:19:34,PG,142.65,267.0,sell,NYSE
tx_0002521,2025-06-20 10:19:36,TSLA,674.48,168.0,sell,NASDAQ
tx_0008506,2025-06-20 10:19:37,MA,360.64,905.0,buy,NYSE
tx_0001053,2025-06-20 10:19:38,PEP,150.02,844.0,buy,NYSE
tx_0004367,2025-06-20 10:19:43,V,231.05,685.0,buy,NYSE
tx_0006386,2025-06-20 10:19:56,V,228.67,130.0,buy,NYSE
tx_0007423,2025-06-20 10:20:03,DIS,187.18,958.0,buy,NYSE
tx_0002211,2025-06-20 10:20:04,AAPL,148.14,553.0,sell,NASDAQ
tx_0009478,2025-06-20 10:20:04,FB,325.71,34.0,buy,NASDAQ
tx_0003653,2025-06-20 10:20:13,NVDA,206.1,933.0,sell,NASDAQ
tx_0006815,2025-06-20 10:20:15,PYPL,248.6,826.0,sell,NASDAQ
tx_0009329,2025-06-20 10:20:15,PYPL,244.34,55.0,buy,NASDAQ
tx_0001431,2025-06-20 10:20:16,DIS,186.24,254.0,sell,NYSE
tx_0006909,2025-06-20 10:20:17,MCD,244.79,19.0,buy,NYSE
tx_0004689,2025-06-20 10:20:17,PEP,150.16,487.0,buy,NYSE
tx_0003735,2025-06-20 10:20:18,PG,142.78,237.0,buy,NYSE
tx_0005555,2025-06-20 10:20:18,NVDA,208.87,268.0,sell,NASDAQ
tx_0009038,2025-06-20 10:20:19,WMT,141.78,94.0,sell,NYSE
tx_0002031,2025-06-20 10:20:19,TSLA,675.05,760.0,buy,
tx_0001787,2025-06-20 10:20:21,WMT,142.99,117.0,buy,NYSE
tx_0006075,2025-06-20 10:20:22,JNJ,172.67,591.0,sell,NYSE
tx_0004657,2025-06-20 10:20:25,V,229.48,821.0,sell,NYSE
tx_0000608,2025-06-20 10:20:26,TSLA,684.62,210.0,sell,NASDAQ
tx_0003280,2025-06-20 10:20:27,GOOGL,,548.0,sell,NASDAQ
tx_0008051,2025-06-20 10:20:31,NVDA,206.79,272.0,buy,NASDAQ
tx_0002826,2025-06-20 10:20:31,GOOGL,2833.82,810.0,sell,NASDAQ
tx_0002186,2025-06-20 10:20:33,PYPL,249.37,916.0,sell,NASDAQ
tx_0009073,2025-06-20 10:20:35,FB,323.8,814.0,sell,NASDAQ
tx_0006054,2025-06-20 10:20:36,NFLX,504.14,726.0,buy,NASDAQ
tx_0002772,2025-06-20 10:20:38,MCD,245.5,78.0,buy,NYSE
tx_0005340,2025-06-20 10:20:43,AMZN,3443.49,440.0,sell,NASDAQ
tx_0008149,2025-06-20 10:20:48,PEP,149.53,363.0,buy,NYSE
tx_0006499,2025-06-20 10:20:51,KO,54.74,755.0,sell,NYSE
tx_0002512,2025-06-20 10:20:53,NVDA,209.03,239.0,sell,NASDAQ
tx_0008664,2025-06-20 10:20:55,JNJ,174.69,802.0,buy,NYSE
tx_0004602,2025-06-20 10:21:00,FB,326.27,80.0,buy,NASDAQ
tx_0006516,2025-06-20 10:21:01,MCD,245.43,811.0,sell,NYSE
tx_0004792,2025-06-20 10:21:02,TSLA,683.53,991.0,sell,NASDAQ
tx_0007507,2025-06-20 10:21:03,ADBE,618.31,840.0,buy,NASDAQ
tx_0000008,2025-06-20 10:21:04,DIS,184.74,921.0,sell,NYSE
tx_0001202,2025-06-20 10:21:08,JNJ,174.03,491.0,buy,NYSE
tx_0006726,2025-06-20 10:21:11,MCD,242.66,93.0,,NYSE
tx_0000634,2025-06-20 10:21:21,TSLA,688.25,346.0,sell,NASDAQ
tx_0002981,2025-06-20 10:21:26,WMT,144.01,7.0,buy,NYSE
tx_0004319,2025-06-20 10:21:27,FB,328.02,343.0,sell,NASDAQ
tx_0006700,2025-06-20 10:21:32,ADBE,616.72,494.0,sell,NASDAQ
tx_0007095,2025-06-20 10:21:32,KO,54.75,610.0,buy,NYSE
tx_0009327,2025-06-20 10:21:35,BRK.B,289.09,381.0,buy,NYSE
tx_0003338,2025-06-20 10:21:39,GOOGL,2862.9,718.0,buy,NASDAQ
tx_0007319,2025-06-20 10:21:42,AAPL,,766.0,buy,NASDAQ
tx_0005557,2025-06-20 10:21:45,PEP,147.16,692.0,buy,NYSE
tx_0006802,2025-06-20 10:21:48,MSFT,300.22,399.0,buy,NASDAQ
tx_0004615,2025-06-20 10:21:54,JNJ,175.31,165.0,sell,NYSE
tx_0006365,2025-06-20 10:21:55,PG,144.24,597.0,buy,NYSE
tx_0005809,2025-06-20 10:21:57,JNJ,172.75,444.0,buy,NYSE
tx_0006319,2025-06-20 10:22:06,ADBE,615.46,528.0,sell,NASDAQ
tx_0003346,2025-06-20 10:22:07,ADBE,619.45,87.0,sell,NASDAQ
tx_0006408,2025-06-20 10:22:11,PEP,148.56,890.0,buy,NYSE
tx_0008089,2025-06-20 10:22:13,BRK.B,286.77,632.0,sell,NYSE
tx_0000703,2025-06-20 10:22:14,WMT,143.23,812.0,buy,NYSE
tx_0007078,2025-06-20 10:22:15,WMT,141.35,990.0,sell,NYSE
tx_0001040,2025-06-20 10:22:15,KO,55.17,25.0,buy,NYSE
tx_0003437,2025-06-20 10:22:16,TSLA,678.81,919.0,buy,NASDAQ
tx_0007994,2025-06-20 10:22:17,JNJ,173.98,805.0,buy,NYSE
tx_0001512,2025-06-20 10:22:19,NVDA,207.52,862.0,sell,NASDAQ
tx_0009819,2025-06-20 10:22:19,NFLX,505.92,611.0,buy,NASDAQ
tx_0005466,2025-06-20 10:22:26,PEP,146.31,175.0,sell,NYSE
tx_0000792,2025-06-20 10:22:27,WMT,143.33,882.0,sell,NYSE
tx_0007232,2025-06-20 10:22:28,AMZN,3480.22,680.0,buy,NASDAQ
tx_0007984,2025-06-20 10:22:30,PEP,146.35,423.0,buy,NYSE
tx_0009394,2025-06-20 10:22:32,MSFT,298.72,99.0,buy,NASDAQ
tx_0002870,2025-06-20 10:22:32,MCD,245.86,73.0,sell,NYSE
tx_0002634,2025-06-20 10:22:37,PYPL,247.92,706.0,buy,NASDAQ
tx_0002743,2025-06-20 10:22:37,AMZN,3505.94,870.0,sell,NASDAQ
tx_0007286,2025-06-20 10:22:40,NFLX,506.08,362.0,sell,NASDAQ
tx_0001516,2025-06-20 10:22:45,MCD,246.34,480.0,buy,NYSE
tx_0006463,2025-06-20 10:22:45,FB,323.97,98.0,buy,NASDAQ
tx_0009897,2025-06-20 10:22:45,BRK.B,287.83,,buy,NYSE
tx_0000080,2025-06-20 10:22:48,NFLX,509.95,810.0,sell,NASDAQ
tx_0001900,2025-06-20 10:22:50,PEP,148.05,693.0,buy,NYSE
tx_0007756,2025-06-20 10:22:55,AMZN,3441.91,513.0,sell,NASDAQ
tx_0004789,2025-06-20 10:22:59,AAPL,148.95,787.0,sell,NASDAQ
tx_0001321,2025-06-20 10:23:03,AMZN,3478.72,512.0,buy,NASDAQ
tx_0008579,2025-06-20 10:23:13,GOOGL,2814.03,226.0,buy,NASDAQ
tx_0004951,2025-06-20 10:23:15,AMZN,3484.57,820.0,buy,NASDAQ
tx_0009623,2025-06-20 10:23:19,PYPL,247.83,727.0,sell,NASDAQ
tx_0001946,2025-06-20 10:23:20,DIS,182.52,739.0,sell,NYSE
tx_0001785,2025-06-20 10:23:22,FB,326.04,971.0,buy,NASDAQ
tx_0008068,2025-06-20 10:23:26,DIS,183.81,355.0,sell,NYSE
tx_0008185,2025-06-20 10:23:28,V,229.47,808.0,sell,NYSE
tx_0004682,2025-06-20 10:23:29,TSLA,676.55,802.0,buy,NASDAQ
tx_0006066,2025-06-20 10:23:30,ADBE,610.84,297.0,sell,NASDAQ
tx_0005916,2025-06-20 10:23:34,ADBE,615.3,921.0,sell,NASDAQ
tx_0002575,2025-06-20 10:23:36,JNJ,175.01,454.0,buy,NYSE
tx_0003306,2025-06-20 10:23:39,PEP,147.29,341.0,sell,NYSE
tx_0005703,2025-06-20 10:23:40,MCD,243.71,378.0,buy,NYSE
tx_0006664,2025-06-20 10:23:40,PYPL,248.16,580.0,buy,NASDAQ
tx_0006795,2025-06-20 10:23:41,PYPL,248.26,300.0,buy,NASDAQ
tx_0009695,2025-06-20 10:23:41,PEP,149.55,699.0,sell,NYSE
tx_0001857,2025-06-20 10:23:48,MCD,244.27,913.0,sell,NYSE
tx_0000855,2025-06-20 10:23:50,NVDA,209.12,946.0,buy,NASDAQ
tx_0006988,2025-06-20 10:23:50,PEP,149.24,505.0,buy,NYSE
tx_0008352,2025-06-20 10:23:51,AMZN,3451.01,97.0,buy,NASDAQ
tx_0001641,2025-06-20 10:24:00,GOOGL,2842.51,962.0,buy,NASDAQ
tx_0005495,2025-06-20 10:24:00,NVDA,209.56,165.0,sell,NASDAQ
tx_0002380,2025-06-20 10:24:00,PG,144.51,81.0,buy,NYSE
tx_0005853,2025-06-20 10:24:02,AMZN,3488.09,581.0,sell,NASDAQ
tx_0002913,2025-06-20 10:24:02,PYPL,249.13,118.0,buy,NASDAQ
tx_0002310,2025-06-20 10:24:06,MSFT,298.37,722.0,sell,NASDAQ
tx_0001366,2025-06-20 10:24:07,AAPL,146.59,612.0,sell,NASDAQ
tx_0001909,2025-06-20 10:24:08,PYPL,247.88,527.0,buy,NASDAQ
tx_0000511,2025-06-20 10:24:10,MSFT,299.62,219.0,sell,NASDAQ
tx_0006728,2025-06-20 10:24:10,BRK.B,285.87,261.0,sell,NYSE
tx_0007894,2025-06-20 10:24:13,AAPL,147.94,743.0,buy,NASDAQ
tx_0001117,2025-06-20 10:24:13,PEP,148.56,176.0,sell,NYSE
tx_0005900,2025-06-20 10:24:14,TSLA,683.25,478.0,sell,NASDAQ
tx_0007759,2025-06-20 10:24:14,BRK.B,288.16,307.0,sell,NYSE
tx_0000009,2025-06-20 10:24:16,MA,359.88,333.0,sell,NYSE
tx_0004318,2025-06-20 10:24:16,MSFT,297.97,643.0,buy,NASDAQ
tx_0000653,2025-06-20 10:24:17,V,226.82,806.0,sell,NYSE
tx_0003165,2025-06-20 10:24:19,GOOGL,2840.01,184.0,buy,NASDAQ
tx_0006451,2025-06-20 10:24:20,BRK.B,290.24,987.0,buy,NYSE
tx_0008229,2025-06-20 10:24:24,ADBE,606.82,12.0,sell,NASDAQ
tx_0000241,2025-06-20 10:24:29,GOOGL,2826.19,950.0,buy,NASDAQ
tx_0006014,2025-06-20 10:24:31,BRK.B,284.94,910.0,sell,NYSE
tx_0008243,2025-06-20 10:24:32,JNJ,174.43,143.0,sell,NYSE
tx_0000658,2025-06-20 10:24:37,BRK.B,286.85,284.0,buy,NYSE
tx_0002428,2025-06-20 10:24:43,MCD,246.2,330.0,sell,NYSE
tx_0006859,2025-06-20 10:24:46,PYPL,249.28,354.0,sell,NASDAQ
tx_0005347,2025-06-20 10:24:49,GOOGL,2839.92,28.0,buy,NASDAQ
tx_0007692,2025-06-20 10:24:50,KO,54.65,885.0,buy,NYSE
tx_0009722,2025-06-20 10:24:51,PEP,147.11,779.0,buy,NYSE
tx_0004353,2025-06-20 10:24:51,KO,54.69,589.0,buy,NYSE
tx_0003894,2025-06-20 10:24:52,AMZN,3504.31,649.0,buy,NASDAQ
tx_0001729,2025-06-20 10:24:58,ADBE,611.54,529.0,buy,NASDAQ
tx_0001131,2025-06-20 10:25:00,DIS,182.28,118.0,sell,NYSE
tx_0006847,2025-06-20 10:25:01,DIS,180.69,663.0,buy,NYSE
tx_0002194,2025-06-20 10:25:02,BRK.B,284.91,85.0,sell,NYSE
tx_0005202,2025-06-20 10:25:03,MSFT,295.06,18.0,buy,NASDAQ
tx_0007608,2025-06-20 10:25:04,MA,361.72,561.0,buy,NYSE
tx_0006935,2025-06-20 10:25:05,PG,143.91,413.0,buy,NYSE
tx_0003279,2025-06-20 10:25:05,AAPL,147.57,73.0,buy,NASDAQ
tx_0000359,2025-06-20 10:25:06,NFLX,506.42,691.0,sell,NASDAQ
tx_0009499,2025-06-20 10:25:06,FB,320.97,906.0,buy,NASDAQ
tx_0002207,2025-06-20 10:25:11,KO,54.25,975.0,sell,NYSE
tx_0008289,2025-06-20 10:25:14,DIS,182.59,680.0,buy,NYSE
tx_0005602,2025-06-20 10:25:14,NVDA,205.6,428.0,sell,NASDAQ
tx_0002698,2025-06-20 10:25:17,NVDA,207.5,218.0,buy,NASDAQ
tx_0005406,2025-06-20 10:25:18,ADBE,614.32,190.0,sell,NASDAQ
tx_0003200,2025-06-20 10:25:19,NVDA,206.46,564.0,sell,NASDAQ
tx_0007532,2025-06-20 10:25:20,DIS,183.54,235.0,sell,NYSE
tx_0001959,2025-06-20 10:25:22,FB,321.78,780.0,sell,NASDAQ
tx_0001350,2025-06-20 10:25:23,MCD,243.81,551.0,buy,NYSE
tx_0007229,2025-06-20 10:25:24,JNJ,174.18,861.0,buy,NYSE
tx_0005137,2025-06-20 10:25:24,PEP,148.73,49.0,sell,NYSE
tx_0001848,2025-06-20 10:25:26,PYPL,248.49,63.0,buy,NASDAQ
tx_0001193,2025-06-20 10:25:27,FB,324.76,88.0,sell,NASDAQ
tx_0008702,2025-06-20 10:25:31,PEP,149.79,637.0,sell,NYSE
tx_0002853,2025-06-20 10:25:33,MCD,242.55,136.0,sell,NYSE
tx_0005039,2025-06-20 10:25:38,PEP,148.79,893.0,,NYSE
tx_0005387,2025-06-20 10:25:40,ADBE,610.15,722.0,sell,NASDAQ
tx_0001175,2025-06-20 10:25:43,AAPL,146.7,815.0,sell,NASDAQ
tx_0001878,2025-06-20 10:25:45,MSFT,294.11,706.0,sell,NASDAQ
tx_0003921,2025-06-20 10:25:49,MA,360.96,37.0,sell,NYSE
tx_0005251,2025-06-20 10:25:52,AAPL,148.59,433.0,buy,NASDAQ
tx_0003895,2025-06-20 10:25:53,DIS,180.47,956.0,sell,NYSE
tx_0007080,2025-06-20 10:25:55,NVDA,209.52,924.0,buy,NASDAQ
tx_0008902,2025-06-20 10:26:01,NVDA,206.63,873.0,sell,NASDAQ
tx_0001264,2025-06-20 10:26:01,AMZN,3479.78,451.0,sell,NASDAQ
tx_0001009,2025-06-20 10:26:02,KO,54.6,940.0,buy,NYSE
tx_0007956,2025-06-20 10:26:05,AAPL,146.63,164.0,buy,NASDAQ
tx_0003011,2025-06-20 10:26:07,DIS,183.36,267.0,sell,NYSE
tx_0003454,2025-06-20 10:26:10,KO,55.14,902.0,sell,NYSE
tx_0001327,2025-06-20 10:26:12,BRK.B,287.88,288.0,sell,NYSE
tx_0000075,2025-06-20 10:26:13,MSFT,295.46,690.0,sell,NASDAQ
tx_0002188,2025-06-20 10:26:14,NFLX,509.92,788.0,sell,NASDAQ
tx_0003462,2025-06-20 10:26:18,PG,142.39,417.0,buy,NYSE
tx_0007292,2025-06-20 10:26:18,GOOGL,2845.39,882.0,sell,NASDAQ
tx_0000453,2025-06-20 10:26:18,AMZN,3450.9,485.0,sell,NASDAQ
tx_0005343,2025-06-20 10:26:19,MCD,243.42,263.0,,NYSE
tx_0008208,2025-06-20 10:26:26,KO,54.86,82.0,buy,NYSE
tx_0005951,2025-06-20 10:26:27,TSLA,681.21,151.0,sell,NASDAQ
tx_0002348,2025-06-20 10:26:40,MSFT,296.37,147.0,buy,NASDAQ
tx_0003793,2025-06-20 10:26:40,NFLX,507.75,213.0,sell,NASDAQ
tx_0000716,2025-06-20 10:26:44,ADBE,615.07,796.0,sell,NASDAQ
tx_0009040,2025-06-20 10:26:44,PG,145.22,924.0,sell,NYSE
tx_0008857,2025-06-20 10:26:47,NFLX,,305.0,buy,NASDAQ
tx_0007898,2025-06-20 10:26:56,MSFT,296.41,997.0,buy,NASDAQ
tx_0001110,2025-06-20 10:26:57,PYPL,248.92,9.0,buy,NASDAQ
tx_0009641,2025-06-20 10:27:00,BRK.B,290.0,171.0,sell,NYSE
tx_0003471,2025-06-20 10:27:04,WMT,143.56,510.0,buy,NYSE
tx_0005337,2025-06-20 10:27:06,JNJ,176.92,884.0,sell,NYSE
tx_0007228,2025-06-20 10:27:06,MSFT,293.55,615.0,buy,NASDAQ
tx_0005545,2025-06-20 10:27:06,MSFT,296.2,625.0,buy,NASDAQ
tx_0006840,2025-06-20 10:27:07,DIS,183.98,700.0,sell,NYSE
tx_0000077,2025-06-20 10:27:08,DIS,182.6,275.0,sell,NYSE
tx_0001884,2025-06-20 10:27:10,ADBE,613.07,984.0,sell,NASDAQ
tx_0002583,2025-06-20 10:27:11,V,229.88,183.0,buy,NYSE
tx_0008761,2025-06-20 10:27:11,KO,55.07,988.0,sell,NYSE
tx_0000696,2025-06-20 10:27:11,ADBE,610.63,440.0,sell,NASDAQ
tx_0003350,2025-06-20 10:27:15,BRK.B,288.03,463.0,,NYSE
tx_0007953,2025-06-20 10:27:18,DIS,183.12,846.0,buy,NYSE
tx_0009994,2025-06-20 10:27:21,V,229.21,823.0,buy,NYSE
tx_0002641,2025-06-20 10:27:23,WMT,141.96,882.0,buy,NYSE
tx_0003720,2025-06-20 10:27:25,AMZN,3475.67,253.0,sell,NASDAQ
tx_0003296,2025-06-20 10:27:27,AAPL,148.2,560.0,buy,NASDAQ
tx_0005724,2025-06-20 10:27:35,MCD,244.12,416.0,buy,NYSE
tx_0000406,2025-06-20 10:27:38,TSLA,679.63,349.0,sell,NASDAQ
tx_0007680,2025-06-20 10:27:41,FB,323.54,204.0,sell,NASDAQ
tx_0008545,2025-06-20 10:27:42,JNJ,174.59,131.0,buy,NYSE
tx_0004996,2025-06-20 10:27:42,GOOGL,2843.63,983.0,sell,NASDAQ
tx_0005880,2025-06-20 10:27:44,DIS,180.43,835.0,buy,NYSE
tx_0001433,2025-06-20 10:27:46,JNJ,174.14,521.0,sell,NYSE
tx_0003680,2025-06-20 10:27:48,DIS,179.92,511.0,sell,NYSE
tx_0005255,2025-06-20 10:27:48,DIS,180.83,824.0,sell,NYSE
tx_0000757,2025-06-20 10:27:55,DIS,181.69,832.0,buy,NYSE
tx_0000642,2025-06-20 10:27:57,PG,144.36,976.0,buy,NYSE
tx_0005947,2025-06-20 10:28:02,MSFT,294.55,965.0,sell,NASDAQ
tx_0009289,2025-06-20 10:28:04,MCD,246.57,471.0,sell,NYSE
tx_0008598,2025-06-20 10:28:05,AAPL,147.58,163.0,sell,NASDAQ
tx_0001406,2025-06-20 10:28:05,WMT,141.71,738.0,sell,NYSE
tx_0003382,2025-06-20 10:28:06,NVDA,209.81,991.0,sell,NASDAQ
tx_0001937,2025-06-20 10:28:06,V,230.24,989.0,buy,NYSE
tx_0003468,2025-06-20 10:28:07,MA,359.84,829.0,buy,NYSE
tx_0007266,2025-06-20 10:28:10,V,229.75,94.0,sell,NYSE
tx_0003467,2025-06-20 10:28:17,JNJ,175.34,707.0,sell,NYSE
tx_0007785,2025-06-20 10:28:18,NFLX,507.54,479.0,buy,NASDAQ
tx_0002100,2025-06-20 10:28:20,V,229.65,642.0,buy,NYSE
tx_0005093,2025-06-20 10:28:21,NFLX,505.7,721.0,buy,NASDAQ
tx_0000032,2025-06-20 10:28:40,KO,54.27,254.0,buy,NYSE
tx_0007034,2025-06-20 10:28:40,KO,54.92,150.0,sell,NYSE
tx_0008813,2025-06-20 10:28:43,V,228.56,802.0,buy,NYSE
tx_0000204,2025-06-20 10:28:49,MA,357.84,649.0,sell,NYSE
tx_0009592,2025-06-20 10:28:52,MA,354.93,387.0,sell,NYSE
tx_0007009,2025-06-20 10:28:57,TSLA,682.4,568.0,buy,NASDAQ
tx_0006258,2025-06-20 10:28:58,PG,143.47,857.0,sell,NYSE
tx_0004639,2025-06-20 10:28:59,WMT,143.24,172.0,sell,NYSE
tx_0009683,2025-06-20 10:28:59,FB,323.58,414.0,sell,NASDAQ
tx_0009211,2025-06-20 10:29:04,JNJ,177.2,745.0,buy,NYSE
tx_0003226,2025-06-20 10:29:07,JNJ,176.21,651.0,sell,NYSE
tx_0001065,2025-06-20 10:29:08,FB,322.5,930.0,buy,NASDAQ
tx_0003047,2025-06-20 10:29:10,AMZN,3461.1,447.0,sell,NASDAQ
tx_0004138,2025-06-20 10:29:12,WMT,143.07,20.0,buy,NYSE
tx_0008347,2025-06-20 10:29:12,WMT,142.79,362.0,buy,NYSE
tx_0000523,2025-06-20 10:29:12,AMZN,3489.18,320.0,buy,NASDAQ
tx_0004194,2025-06-20 10:29:19,AMZN,3454.91,909.0,buy,NASDAQ
tx_0001945,2025-06-20 10:29:20,PYPL,247.03,985.0,buy,NASDAQ
tx_0005486,2025-06-20 10:29:22,NFLX,506.85,270.0,sell,NASDAQ
tx_0007645,2025-06-20 10:29:26,FB,319.42,221.0,sell,NASDAQ
tx_0005150,2025-06-20 10:29:28,GOOGL,,929.0,buy,NASDAQ
tx_0001439,2025-06-20 10:29:29,AAPL,147.66,873.0,buy,NASDAQ
tx_0002529,2025-06-20 10:29:29,MSFT,294.68,584.0,buy,NASDAQ
tx_0008981,2025-06-20 10:29:31,BRK.B,285.83,111.0,buy,NYSE
tx_0007862,2025-06-20 10:29:38,PYPL,245.31,882.0,sell,NASDAQ
tx_0001934,2025-06-20 10:29:39,MSFT,295.33,133.0,sell,NASDAQ
tx_0003392,2025-06-20 10:29:40,NVDA,210.32,144.0,sell,NASDAQ
tx_0005131,2025-06-20 10:29:46,V,226.79,78.0,buy,NYSE
tx_0003506,2025-06-20 10:29:47,BRK.B,287.32,1.0,buy,NYSE
tx_0005044,2025-06-20 10:29:48,ADBE,604.93,241.0,sell,NASDAQ
tx_0002925,2025-06-20 10:29:51,JNJ,176.2,12.0,sell,NYSE
tx_0009100,2025-06-20 10:29:51,MSFT,295.34,678.0,buy,NASDAQ
tx_0005309,2025-06-20 10:29:54,WMT,141.16,524.0,sell,NYSE
tx_0005994,2025-06-20 10:29:55,FB,323.27,913.0,sell,NASDAQ
tx_0003090,2025-06-20 10:29:57,MCD,244.86,242.0,sell,NYSE
tx_0000916,2025-06-20 10:30:01,PG,144.85,521.0,sell,NYSE
tx_0006540,2025-06-20 10:30:03,MSFT,294.55,48.0,buy,NASDAQ
tx_0003917,2025-06-20 10:30:05,JNJ,173.59,315.0,sell,NYSE
tx_0000305,2025-06-20 10:30:06,JNJ,175.27,521.0,buy,NYSE
tx_0001137,2025-06-20 10:30:06,TSLA,685.46,197.0,sell,NASDAQ
tx_0002471,2025-06-20 10:30:07,TSLA,683.49,879.0,sell,NASDAQ
tx_0002611,2025-06-20 10:30:13,MA,358.17,192.0,buy,NYSE
tx_0009435,2025-06-20 10:30:14,PEP,148.27,15.0,sell,NYSE
tx_0001052,2025-06-20 10:30:15,GOOGL,2888.77,529.0,sell,NASDAQ
tx_0005390,2025-06-20 10:30:15,PG,143.49,223.0,buy,NYSE
tx_0003456,2025-06-20 10:30:21,NVDA,208.27,664.0,buy,NASDAQ
tx_0007993,2025-06-20 10:30:21,NFLX,502.94,754.0,sell,NASDAQ
tx_0002665,2025-06-20 10:30:22,TSLA,677.91,482.0,sell,NASDAQ
tx_0005345,2025-06-20 10:30:26,AAPL,147.13,437.0,sell,NASDAQ
tx_0002874,2025-06-20 10:30:26,MA,358.02,800.0,buy,NYSE
tx_0008241,2025-06-20 10:30:35,PYPL,246.9,615.0,buy,NASDAQ
tx_0003942,2025-06-20 10:30:36,AMZN,3519.38,195.0,sell,NASDAQ
tx_0008244,2025-06-20 10:30:36,PG,144.02,721.0,sell,NYSE
tx_0008445,2025-06-20 10:30:42,NVDA,210.65,597.0,buy,NASDAQ
tx_0004326,2025-06-20 10:30:43,V,226.82,265.0,buy,NYSE
tx_0007429,2025-06-20 10:30:43,AMZN,3511.6,10.0,buy,NASDAQ
tx_0000236,2025-06-20 10:30:44,PG,145.5,493.0,buy,NYSE
tx_0007493,2025-06-20 10:30:48,ADBE,608.05,143.0,buy,NASDAQ
tx_0007656,2025-06-20 10:30:56,MA,356.71,658.0,sell,NYSE
tx_0005891,2025-06-20 10:30:57,NFLX,500.28,673.0,sell,NASDAQ
tx_0004601,2025-06-20 10:30:58,BRK.B,287.22,798.0,sell,NYSE
tx_0004258,2025-06-20 10:30:59,TSLA,685.73,733.0,buy,NASDAQ
tx_0005467,2025-06-20 10:31:01,AAPL,146.77,517.0,sell,NASDAQ
tx_0000172,2025-06-20 10:31:01,JNJ,176.69,901.0,sell,NYSE
tx_0001132,2025-06-20 10:31:04,ADBE,606.55,599.0,buy,NASDAQ
tx_0005721,2025-06-20 10:31:05,ADBE,611.43,611.0,buy,NASDAQ
tx_0002539,2025-06-20 10:31:09,DIS,182.22,87.0,buy,NYSE
tx_0006786,2025-06-20 10:31:12,V,227.06,636.0,sell,NYSE
tx_0000625,2025-06-20 10:31:14,MSFT,298.3,628.0,sell,NASDAQ
tx_0003275,2025-06-20 10:31:14,DIS,183.38,814.0,sell,NYSE
tx_0006174,2025-06-20 10:31:17,KO,54.75,922.0,sell,NYSE
tx_0009194,2025-06-20 10:31:19,PYPL,246.72,993.0,buy,NASDAQ
tx_0009114,2025-06-20 10:31:21,AMZN,3506.48,485.0,sell,NASDAQ
tx_0006336,2025-06-20 10:31:22,GOOGL,2846.75,230.0,sell,NASDAQ
tx_0007332,2025-06-20 10:31:24,NFLX,506.34,153.0,sell,NASDAQ
tx_0007740,2025-06-20 10:31:25,GOOGL,2863.59,180.0,sell,NASDAQ
tx_0006996,2025-06-20 10:31:25,PEP,149.32,938.0,sell,NYSE
tx_0002594,2025-06-20 10:31:28,TSLA,677.67,251.0,sell,NASDAQ
tx_0005706,2025-06-20 10:31:28,TSLA,687.63,363.0,buy,NASDAQ
tx_0007516,2025-06-20 10:31:29,AMZN,3518.74,857.0,sell,NASDAQ
tx_0000129,2025-06-20 10:31:30,MA,351.43,995.0,sell,NYSE
tx_0003132,2025-06-20 10:31:30,V,226.3,636.0,buy,NYSE
tx_0000494,2025-06-20 10:31:34,WMT,141.24,790.0,buy,NYSE
tx_0009377,2025-06-20 10:31:35,BRK.B,284.2,346.0,buy,NYSE
tx_0000924,2025-06-20 10:31:35,PG,144.45,836.0,sell,NYSE
tx_0002855,2025-06-20 10:31:35,MCD,248.2,848.0,sell,NYSE
tx_0008424,2025-06-20 10:31:36,NFLX,508.5,287.0,sell,NASDAQ
tx_0008116,2025-06-20 10:31:40,NFLX,504.96,444.0,buy,NASDAQ
tx_0004724,2025-06-20 10:31:44,V,229.23,392.0,buy,NYSE
tx_0009217,2025-06-20 10:31:47,MCD,244.77,270.0,buy,NYSE
tx_0006823,2025-06-20 10:31:47,PYPL,244.77,952.0,sell,NASDAQ
tx_0002484,2025-06-20 10:31:50,PYPL,246.02,406.0,buy,NASDAQ
tx_0002614,2025-06-20 10:31:51,NVDA,208.47,987.0,sell,NASDAQ
tx_0007767,2025-06-20 10:31:54,KO,54.91,759.0,sell,NYSE
tx_0006210,2025-06-20 10:31:54,PYPL,245.8,944.0,sell,NASDAQ
tx_0009875,2025-06-20 10:31:58,GOOGL,2855.44,845.0,sell,NASDAQ
tx_0007574,2025-06-20 10:31:59,AMZN,3470.81,618.0,buy,NASDAQ
tx_0003020,2025-06-20 10:31:59,PG,145.86,62.0,sell,NYSE
tx_0006339,2025-06-20 10:32:03,PYPL,247.11,38.0,sell,NASDAQ
tx_0002604,2025-06-20 10:32:08,JNJ,174.2,785.0,buy,NYSE
tx_0008678,2025-06-20 10:32:08,MCD,244.09,476.0,sell,NYSE
tx_0002240,2025-06-20 10:32:09,GOOGL,2852.03,670.0,sell,NASDAQ
tx_0008417,2025-06-20 10:32:15,AMZN,3483.39,5.0,sell,NASDAQ
tx_0002055,2025-06-20 10:32:15,AAPL,148.38,311.0,sell,NASDAQ
tx_0002676,2025-06-20 10:32:15,MSFT,296.43,9.0,buy,NASDAQ
tx_0004314,2025-06-20 10:32:19,GOOGL,2862.5,955.0,sell,NASDAQ
tx_0008801,2025-06-20 10:32:24,PYPL,244.87,978.0,sell,NASDAQ
tx_0005797,2025-06-20 10:32:27,FB,326.53,867.0,sell,NASDAQ
tx_0007832,2025-06-20 10:32:30,MA,352.62,786.0,buy,NYSE
tx_0004032,2025-06-20 10:32:33,GOOGL,2859.17,897.0,sell,NASDAQ
tx_0001126,2025-06-20 10:32:33,FB,324.25,973.0,buy,NASDAQ
tx_0006287,2025-06-20 10:32:42,ADBE,613.98,154.0,buy,NASDAQ
tx_0003184,2025-06-20 10:32:42,FB,320.86,147.0,buy,NASDAQ
tx_0008980,2025-06-20 10:32:45,FB,324.56,380.0,buy,NASDAQ
tx_0001710,2025-06-20 10:32:46,DIS,182.93,743.0,sell,NYSE
tx_0002262,2025-06-20 10:32:48,NVDA,207.23,218.0,buy,NASDAQ
tx_0007559,2025-06-20 10:32:50,V,229.87,946.0,buy,NYSE
tx_0001251,2025-06-20 10:32:51,WMT,140.57,360.0,buy,NYSE
tx_0008641,2025-06-20 10:32:52,V,226.17,917.0,buy,NYSE
tx_0000874,2025-06-20 10:32:53,AMZN,3509.94,29.0,sell,NASDAQ
tx_0002736,2025-06-20 10:32:57,WMT,142.38,513.0,sell,NYSE
tx_0000525,2025-06-20 10:32:59,AAPL,146.81,674.0,sell,NASDAQ
tx_0000589,2025-06-20 10:33:05,MCD,246.29,18.0,sell,NYSE
tx_0004223,2025-06-20 10:33:05,MCD,248.68,897.0,buy,NYSE
tx_0001816,2025-06-20 10:33:05,MA,354.43,551.0,sell,NYSE
tx_0003240,2025-06-20 10:33:08,PG,144.41,410.0,sell,NYSE
tx_0002381,2025-06-20 10:33:15,TSLA,682.29,449.0,buy,NASDAQ
tx_0000065,2025-06-20 10:33:17,DIS,183.92,625.0,buy,NYSE
tx_0002592,2025-06-20 10:33:19,PYPL,247.76,488.0,sell,NASDAQ
tx_0009967,2025-06-20 10:33:21,BRK.B,283.42,1000.0,buy,NYSE
tx_0006141,2025-06-20 10:33:21,NFLX,500.81,319.0,sell,NASDAQ
tx_0008979,2025-06-20 10:33:22,MA,353.06,,sell,NYSE
tx_0009121,2025-06-20 10:33:31,NFLX,509.53,23.0,sell,NASDAQ
tx_0009156,2025-06-20 10:33:33,GOOGL,2884.69,353.0,sell,NASDAQ
tx_0000735,2025-06-20 10:33:34,AAPL,148.76,653.0,buy,NASDAQ
tx_0006300,2025-06-20 10:33:35,MSFT,298.19,236.0,buy,NASDAQ
tx_0005547,2025-06-20 10:33:38,MSFT,300.21,349.0,sell,NASDAQ
tx_0002070,2025-06-20 10:33:39,PEP,149.17,302.0,buy,NYSE
tx_0005184,2025-06-20 10:33:39,JNJ,175.62,690.0,buy,NYSE
tx_0005358,2025-06-20 10:33:43,GOOGL,2886.71,197.0,buy,NASDAQ
tx_0003045,2025-06-20 10:33:44,KO,54.62,759.0,sell,NYSE
tx_0009548,2025-06-20 10:33:51,WMT,141.11,904.0,sell,NYSE
tx_0007366,2025-06-20 10:33:51,BRK.B,284.33,856.0,buy,NYSE
tx_0007510,2025-06-20 10:33:51,PG,144.71,572.0,buy,NYSE
tx_0005553,2025-06-20 10:33:54,MCD,245.39,350.0,sell,NYSE
tx_0007028,2025-06-20 10:33:57,FB,319.65,969.0,buy,NASDAQ
tx_0009268,2025-06-20 10:33:58,MCD,245.66,114.0,buy,NYSE
tx_0007134,2025-06-20 10:33:59,MCD,243.58,206.0,buy,NYSE
tx_0003179,2025-06-20 10:34:04,FB,320.48,409.0,buy,NASDAQ
tx_0005005,2025-06-20 10:34:04,NVDA,209.54,38.0,sell,NASDAQ
tx_0007584,2025-06-20 10:34:07,PG,143.86,202.0,buy,NYSE
tx_0001614,2025-06-20 10:34:11,PG,146.13,973.0,sell,NYSE
tx_0003161,2025-06-20 10:34:11,MSFT,295.36,703.0,sell,NASDAQ
tx_0008400,2025-06-20 10:34:30,FB,320.77,918.0,buy,NASDAQ
tx_0008136,2025-06-20 10:34:34,DIS,183.24,532.0,buy,NYSE
tx_0005954,2025-06-20 10:34:35,ADBE,603.6,506.0,buy,NASDAQ
tx_0001616,2025-06-20 10:34:37,BRK.B,284.28,980.0,sell,NYSE
tx_0000581,2025-06-20 10:34:42,BRK.B,287.58,889.0,sell,NYSE
tx_0006047,2025-06-20 10:34:44,AMZN,3488.61,870.0,buy,NASDAQ
tx_0004950,2025-06-20 10:34:45,AAPL,146.89,1.0,buy,NASDAQ
tx_0006500,2025-06-20 10:34:46,MSFT,301.16,130.0,sell,NASDAQ
tx_0008236,2025-06-20 10:34:47,ADBE,604.73,331.0,sell,NASDAQ
tx_0009808,2025-06-20 10:34:48,AMZN,3473.82,512.0,buy,NASDAQ
tx_0006512,2025-06-20 10:34:49,BRK.B,284.32,872.0,buy,NYSE
tx_0007504,2025-06-20 10:34:55,GOOGL,2866.55,453.0,sell,NASDAQ
tx_0002273,2025-06-20 10:34:58,MA,355.67,732.0,buy,NYSE
tx_0009903,2025-06-20 10:35:02,AAPL,149.22,654.0,buy,NASDAQ
tx_0008682,2025-06-20 10:35:07,ADBE,609.09,548.0,buy,NASDAQ
tx_0001066,2025-06-20 10:35:07,NFLX,506.71,226.0,buy,NASDAQ
tx_0003133,2025-06-20 10:35:19,NFLX,499.14,145.0,sell,NASDAQ
tx_0003551,2025-06-20 10:35:19,NVDA,208.69,838.0,sell,NASDAQ
tx_0000952,2025-06-20 10:35:20,PEP,149.67,991.0,buy,NYSE
tx_0004328,2025-06-20 10:35:20,KO,54.37,693.0,buy,NYSE
tx_0006375,2025-06-20 10:35:21,WMT,140.88,131.0,buy,NYSE
tx_0006103,2025-06-20 10:35:22,MA,358.52,957.0,buy,NYSE
tx_0008207,2025-06-20 10:35:24,ADBE,,533.0,sell,NASDAQ
tx_0006912,2025-06-20 10:35:24,BRK.B,285.31,442.0,buy,NYSE
tx_0008644,2025-06-20 10:35:24,PYPL,247.57,890.0,sell,NASDAQ
tx_0007665,2025-06-20 10:35:26,ADBE,608.44,281.0,sell,NASDAQ
tx_0007162,2025-06-20 10:35:28,PG,145.54,101.0,buy,NYSE
tx_0004315,2025-06-20 10:35:31,DIS,181.36,833.0,buy,NYSE
tx_0000867,2025-06-20 10:35:32,JNJ,175.91,114.0,sell,NYSE
tx_0008787,2025-06-20 10:35:36,GOOGL,2850.83,76.0,sell,NASDAQ
tx_0004435,2025-06-20 10:35:37,MA,355.78,433.0,buy,NYSE
tx_0007114,2025-06-20 10:35:38,DIS,182.57,329.0,buy,NYSE
tx_0005221,2025-06-20 10:35:44,PG,144.37,126.0,sell,NYSE
tx_0005863,2025-06-20 10:35:44,WMT,140.0,615.0,sell,NYSE
tx_0002486,2025-06-20 10:35:46,AAPL,150.31,971.0,buy,NASDAQ
tx_0000464,2025-06-20 10:35:47,PG,145.65,376.0,sell,NYSE
tx_0001459,2025-06-20 10:35:47,AMZN,3481.27,521.0,buy,NASDAQ
tx_0004255,2025-06-20 10:35:48,PEP,148.56,477.0,sell,NYSE
tx_0004619,2025-06-20 10:35:49,FB,323.72,452.0,sell,NASDAQ
tx_0004820,2025-06-20 10:35:50,NFLX,502.24,753.0,sell,NASDAQ
tx_0009269,2025-06-20 10:35:56,WMT,141.72,155.0,buy,NYSE
tx_0009826,2025-06-20 10:36:00,TSLA,683.18,285.0,buy,NASDAQ
tx_0006331,2025-06-20 10:36:01,ADBE,609.29,872.0,buy,NASDAQ
tx_0001291,2025-06-20 10:36:04,MA,354.93,676.0,sell,NYSE
tx_0007484,2025-06-20 10:36:10,WMT,140.59,472.0,sell,NYSE
tx_0003914,2025-06-20 10:36:10,JNJ,177.36,669.0,sell,NYSE
tx_0000547,2025-06-20 10:36:11,TSLA,677.47,753.0,buy,NASDAQ
tx_0007823,2025-06-20 10:36:12,MCD,246.44,430.0,sell,NYSE
tx_0005058,2025-06-20 10:36:12,TSLA,680.27,620.0,buy,NASDAQ
tx_0004413,2025-06-20 10:36:12,AMZN,3469.78,858.0,buy,NASDAQ
tx_0006892,2025-06-20 10:36:14,MSFT,298.27,212.0,buy,NASDAQ
tx_0001642,2025-06-20 10:36:17,PG,143.38,683.0,buy,NYSE
tx_0003360,2025-06-20 10:36:17,PG,142.94,80.0,,NYSE
tx_0009331,2025-06-20 10:36:28,PYPL,246.87,584.0,buy,NASDAQ
tx_0005647,2025-06-20 10:36:29,NFLX,508.52,633.0,sell,NASDAQ
tx_0004924,2025-06-20 10:36:33,MCD,245.71,358.0,sell,NYSE
tx_0004598,2025-06-20 10:36:33,BRK.B,286.78,208.0,buy,NYSE
tx_0002630,2025-06-20 10:36:34,TSLA,680.94,154.0,buy,NASDAQ
tx_0007567,2025-06-20 10:36:34,DIS,181.95,816.0,buy,NYSE
tx_0002557,2025-06-20 10:36:36,DIS,179.37,67.0,buy,NYSE
