transaction_id,timestamp,stock_symbol,price,quantity,order_type,exchange
tx_0001909,2025-06-12 09:30:02,ADBE,599.91,958.0,sell,NASDAQ
tx_0002859,2025-06-12 09:30:03,NVDA,201.56,590.0,sell,NASDAQ
tx_0008483,2025-06-12 09:30:05,ADBE,602.24,710.0,sell,NASDAQ
tx_0002345,2025-06-12 09:30:07,AMZN,3496.16,485.0,buy,NASDAQ
tx_0002603,2025-06-12 09:30:11,PG,141.17,20.0,sell,NYSE
tx_0008374,2025-06-12 09:30:13,TSLA,703.52,199.0,sell,NASDAQ
tx_0003888,2025-06-12 09:30:15,MA,352.57,62.0,buy,NYSE
tx_0001343,2025-06-12 09:30:16,AMZN,3503.3,460.0,sell,NASDAQ
tx_0009673,2025-06-12 09:30:20,BRK.B,282.74,957.0,sell,NYSE
tx_0006891,2025-06-12 09:30:20,KO,55.01,20.0,buy,NYSE
tx_0002648,2025-06-12 09:30:22,KO,55.0,217.0,buy,NYSE
tx_0004648,2025-06-12 09:30:22,PG,140.08,335.0,sell,NYSE
tx_0003224,2025-06-12 09:30:24,AMZN,3497.69,347.0,sell,NASDAQ
tx_0003558,2025-06-12 09:30:24,ADBE,600.67,910.0,buy,NASDAQ
tx_0002383,2025-06-12 09:30:26,MSFT,297.74,847.0,sell,NASDAQ
tx_0001640,2025-06-12 09:30:28,TSLA,700.16,316.0,sell,NASDAQ
tx_0007486,2025-06-12 09:30:31,GOOGL,2789.41,19.0,sell,NASDAQ
tx_0008941,2025-06-12 09:30:32,TSLA,701.76,848.0,sell,NASDAQ
tx_0002040,2025-06-12 09:30:37,V,220.76,907.0,buy,NYSE
tx_0008387,2025-06-12 09:30:40,AAPL,148.81,488.0,buy,NASDAQ
tx_0007798,2025-06-12 09:30:41,KO,54.61,39.0,sell,NYSE
tx_0009809,2025-06-12 09:30:41,WMT,138.24,81.0,sell,NYSE
tx_0001591,2025-06-12 09:30:41,DIS,179.24,467.0,sell,NYSE
tx_0003855,2025-06-12 09:30:41,V,218.65,362.0,sell,NYSE
tx_0009877,2025-06-12 09:30:42,MCD,248.31,132.0,buy,NYSE
tx_0004955,2025-06-12 09:30:45,MSFT,298.7,983.0,sell,NASDAQ
tx_0003182,2025-06-12 09:30:46,PYPL,251.56,119.0,buy,NASDAQ
tx_0004305,2025-06-12 09:30:52,ADBE,594.37,567.0,buy,NASDAQ
tx_0009321,2025-06-12 09:30:56,TSLA,699.68,833.0,sell,NASDAQ
tx_0008844,2025-06-12 09:30:58,ADBE,595.33,314.0,buy,NASDAQ
tx_0006202,2025-06-12 09:31:03,V,217.19,738.0,buy,NYSE
tx_0007758,2025-06-12 09:31:05,MCD,248.14,3.0,buy,NYSE
tx_0005110,2025-06-12 09:31:06,PYPL,250.12,186.0,buy,NASDAQ
tx_0008458,2025-06-12 09:31:06,PG,141.23,793.0,buy,NYSE
tx_0003722,2025-06-12 09:31:08,JNJ,169.76,969.0,buy,NYSE
tx_0003831,2025-06-12 09:31:08,TSLA,701.04,385.0,buy,
tx_0002442,2025-06-12 09:31:09,PG,139.53,497.0,sell,NYSE
tx_0008406,2025-06-12 09:31:10,PG,139.83,88.0,sell,NYSE
tx_0000408,2025-06-12 09:31:13,PYPL,249.51,84.0,buy,NASDAQ
tx_0009042,2025-06-12 09:31:13,MSFT,299.71,107.0,buy,NASDAQ
tx_0001133,2025-06-12 09:31:14,AMZN,3500.81,959.0,buy,NASDAQ
tx_0008589,2025-06-12 09:31:15,AMZN,3511.84,103.0,buy,NASDAQ
tx_0008430,2025-06-12 09:31:17,ADBE,594.45,138.0,sell,NASDAQ
tx_0006110,2025-06-12 09:31:18,JNJ,169.33,560.0,buy,NYSE
tx_0008773,2025-06-12 09:31:21,BRK.B,282.17,269.0,buy,NYSE
tx_0006450,2025-06-12 09:31:23,KO,54.81,642.0,sell,NYSE
tx_0001855,2025-06-12 09:31:26,DIS,181.24,399.0,sell,NYSE
tx_0000934,2025-06-12 09:31:27,NVDA,197.97,60.0,sell,NASDAQ
tx_0002915,2025-06-12 09:31:27,MSFT,298.43,751.0,sell,NASDAQ
tx_0009454,2025-06-12 09:31:32,NFLX,495.5,964.0,sell,NASDAQ
tx_0003349,2025-06-12 09:31:33,GOOGL,2771.15,369.0,sell,NASDAQ
tx_0002035,2025-06-12 09:31:43,DIS,178.53,75.0,buy,NYSE
tx_0001237,2025-06-12 09:31:44,KO,54.7,426.0,sell,NYSE
tx_0002798,2025-06-12 09:31:46,MCD,249.6,991.0,buy,
tx_0009209,2025-06-12 09:31:50,PYPL,248.51,941.0,buy,NASDAQ
tx_0006543,2025-06-12 09:31:51,ADBE,607.98,264.0,buy,NASDAQ
tx_0002698,2025-06-12 09:31:54,PG,139.7,632.0,buy,NYSE
tx_0006356,2025-06-12 09:31:58,V,220.32,331.0,buy,NYSE
tx_0008922,2025-06-12 09:31:58,BRK.B,276.86,673.0,sell,NYSE
tx_0000778,2025-06-12 09:32:04,NVDA,199.25,981.0,sell,NASDAQ
tx_0002205,2025-06-12 09:32:10,ADBE,602.02,928.0,sell,NASDAQ
tx_0008904,2025-06-12 09:32:13,V,217.0,,sell,NYSE
tx_0005208,2025-06-12 09:32:19,WMT,139.63,328.0,buy,NYSE
tx_0001749,2025-06-12 09:32:20,PEP,152.7,739.0,sell,NYSE
tx_0007490,2025-06-12 09:32:21,BRK.B,278.89,795.0,buy,NYSE
tx_0002290,2025-06-12 09:32:21,DIS,179.52,539.0,sell,NYSE
tx_0000363,2025-06-12 09:32:21,V,216.51,148.0,buy,NYSE
tx_0003333,2025-06-12 09:32:22,PG,139.12,644.0,sell,NYSE
tx_0007871,2025-06-12 09:32:25,DIS,177.94,975.0,sell,NYSE
tx_0005681,2025-06-12 09:32:26,V,217.19,165.0,buy,NYSE
tx_0000428,2025-06-12 09:32:28,FB,331.83,521.0,sell,NASDAQ
tx_0002390,2025-06-12 09:32:34,TSLA,704.21,883.0,buy,NASDAQ
tx_0004225,2025-06-12 09:32:40,KO,55.13,102.0,buy,NYSE
tx_0003486,2025-06-12 09:32:41,V,221.39,985.0,sell,NYSE
tx_0007974,2025-06-12 09:32:43,PG,141.47,667.0,sell,NYSE
tx_0007320,2025-06-12 09:32:43,WMT,138.65,808.0,buy,NYSE
tx_0007663,2025-06-12 09:32:47,TSLA,705.05,756.0,buy,NASDAQ
tx_0005901,2025-06-12 09:32:51,AMZN,3541.7,172.0,buy,NASDAQ
tx_0000030,2025-06-12 09:32:56,NFLX,497.96,320.0,sell,NASDAQ
tx_0008597,2025-06-12 09:32:57,MA,347.47,65.0,buy,NYSE
tx_0005177,2025-06-12 09:32:59,NFLX,495.5,894.0,sell,NASDAQ
tx_0003507,2025-06-12 09:33:01,PEP,151.35,266.0,buy,NYSE
tx_0000468,2025-06-12 09:33:03,FB,329.2,418.0,sell,NASDAQ
tx_0001642,2025-06-12 09:33:05,JNJ,168.64,878.0,sell,
tx_0003644,2025-06-12 09:33:08,PEP,151.31,629.0,sell,NYSE
tx_0001070,2025-06-12 09:33:11,PEP,152.51,759.0,buy,NYSE
tx_0002344,2025-06-12 09:33:13,JNJ,170.82,709.0,sell,NYSE
tx_0002791,2025-06-12 09:33:13,KO,54.88,363.0,sell,NYSE
tx_0001373,2025-06-12 09:33:17,ADBE,602.37,958.0,sell,NASDAQ
tx_0006877,2025-06-12 09:33:17,FB,331.25,631.0,buy,NASDAQ
tx_0002478,2025-06-12 09:33:18,FB,328.99,395.0,buy,NASDAQ
tx_0002839,2025-06-12 09:33:19,V,221.44,458.0,sell,NYSE
tx_0006616,2025-06-12 09:33:19,PG,140.44,719.0,sell,NYSE
tx_0004845,2025-06-12 09:33:20,KO,54.63,100.0,buy,NYSE
tx_0008478,2025-06-12 09:33:25,TSLA,701.59,222.0,sell,NASDAQ
tx_0000213,2025-06-12 09:33:29,PYPL,248.5,368.0,buy,NASDAQ
tx_0008909,2025-06-12 09:33:29,V,217.69,65.0,sell,NYSE
tx_0003988,2025-06-12 09:33:32,FB,327.83,396.0,sell,NASDAQ
tx_0004395,2025-06-12 09:33:33,TSLA,697.64,607.0,sell,NASDAQ
tx_0006115,2025-06-12 09:33:34,FB,333.28,,sell,NASDAQ
tx_0005716,2025-06-12 09:33:36,WMT,140.3,618.0,buy,NYSE
tx_0000922,2025-06-12 09:33:37,WMT,139.94,985.0,buy,NYSE
tx_0006068,2025-06-12 09:33:39,FB,328.92,181.0,sell,NASDAQ
tx_0008460,2025-06-12 09:33:44,BRK.B,279.31,489.0,sell,NYSE
tx_0007644,2025-06-12 09:33:46,PEP,152.56,360.0,sell,NYSE
tx_0000892,2025-06-12 09:33:46,BRK.B,279.92,396.0,buy,NYSE
tx_0008691,2025-06-12 09:33:49,PG,140.25,105.0,buy,NYSE
tx_0008364,2025-06-12 09:33:49,AMZN,3510.14,483.0,buy,NASDAQ
tx_0002865,2025-06-12 09:33:50,PEP,153.48,437.0,sell,NYSE
tx_0006897,2025-06-12 09:33:51,FB,333.83,623.0,sell,NASDAQ
tx_0004606,2025-06-12 09:33:57,AMZN,3484.15,833.0,sell,NASDAQ
tx_0000726,2025-06-12 09:33:59,MSFT,302.76,990.0,buy,NASDAQ
tx_0009327,2025-06-12 09:33:59,JNJ,170.29,364.0,buy,NYSE
tx_0001269,2025-06-12 09:34:00,BRK.B,279.33,67.0,buy,NYSE
tx_0002013,2025-06-12 09:34:03,MSFT,302.54,545.0,buy,NASDAQ
tx_0007200,2025-06-12 09:34:04,NVDA,195.48,858.0,sell,NASDAQ
tx_0006649,2025-06-12 09:34:05,BRK.B,280.57,480.0,sell,NYSE
tx_0002955,2025-06-12 09:34:06,FB,332.62,867.0,sell,NASDAQ
tx_0009467,2025-06-12 09:34:07,DIS,181.91,681.0,buy,NYSE
tx_0009413,2025-06-12 09:34:08,MA,347.21,56.0,buy,NYSE
tx_0000577,2025-06-12 09:34:10,MSFT,305.87,534.0,buy,NASDAQ
tx_0002585,2025-06-12 09:34:10,KO,54.62,370.0,sell,NYSE
tx_0007372,2025-06-12 09:34:14,NVDA,198.74,290.0,buy,NASDAQ
tx_0001014,2025-06-12 09:34:16,AAPL,149.99,100.0,sell,NASDAQ
tx_0005508,2025-06-12 09:34:16,JNJ,170.95,376.0,buy,NYSE
tx_0008135,2025-06-12 09:34:19,AAPL,149.22,763.0,buy,NASDAQ
tx_0007177,2025-06-12 09:34:20,MA,349.62,944.0,sell,NYSE
tx_0006882,2025-06-12 09:34:25,GOOGL,2777.63,678.0,buy,NASDAQ
tx_0008822,2025-06-12 09:34:27,FB,330.29,86.0,buy,NASDAQ
tx_0002039,2025-06-12 09:34:29,MCD,248.28,819.0,sell,NYSE
tx_0005714,2025-06-12 09:34:32,GOOGL,2769.84,448.0,sell,NASDAQ
tx_0003243,2025-06-12 09:34:42,AMZN,3515.19,661.0,buy,NASDAQ
tx_0001686,2025-06-12 09:34:46,TSLA,701.95,133.0,sell,NASDAQ
tx_0006580,2025-06-12 09:34:54,KO,55.48,897.0,sell,NYSE
tx_0005544,2025-06-12 09:34:56,PYPL,249.48,875.0,buy,NASDAQ
tx_0007625,2025-06-12 09:34:59,V,222.51,678.0,sell,NYSE
tx_0005277,2025-06-12 09:35:01,PG,141.05,859.0,buy,NYSE
tx_0005302,2025-06-12 09:35:03,MSFT,305.91,18.0,sell,NASDAQ
tx_0009767,2025-06-12 09:35:04,AAPL,149.74,823.0,buy,NASDAQ
tx_0008360,2025-06-12 09:35:05,JNJ,171.34,873.0,sell,NYSE
tx_0007146,2025-06-12 09:35:06,PG,141.97,844.0,sell,NYSE
tx_0004134,2025-06-12 09:35:06,ADBE,612.01,477.0,buy,NASDAQ
tx_0000420,2025-06-12 09:35:09,GOOGL,2814.63,690.0,buy,NASDAQ
tx_0000133,2025-06-12 09:35:18,NVDA,198.33,198.0,sell,NASDAQ
tx_0002448,2025-06-12 09:35:20,GOOGL,2816.81,777.0,buy,NASDAQ
tx_0000846,2025-06-12 09:35:20,PEP,152.71,493.0,buy,NYSE
tx_0005923,2025-06-12 09:35:21,MA,348.5,665.0,buy,NYSE
tx_0006176,2025-06-12 09:35:24,NFLX,504.74,96.0,buy,NASDAQ
tx_0000052,2025-06-12 09:35:25,JNJ,171.87,557.0,buy,NYSE
tx_0001477,2025-06-12 09:35:26,AMZN,3468.01,526.0,buy,NASDAQ
tx_0009275,2025-06-12 09:35:29,MSFT,305.94,945.0,buy,NASDAQ
tx_0005669,2025-06-12 09:35:34,PEP,151.97,957.0,buy,NYSE
tx_0007532,2025-06-12 09:35:39,BRK.B,277.47,242.0,sell,NYSE
tx_0008750,2025-06-12 09:35:39,PYPL,252.78,576.0,sell,NASDAQ
tx_0008875,2025-06-12 09:35:40,KO,55.27,735.0,sell,NYSE
tx_0008182,2025-06-12 09:35:40,PYPL,250.59,842.0,buy,NASDAQ
tx_0007458,2025-06-12 09:35:42,NVDA,,900.0,buy,NASDAQ
tx_0008583,2025-06-12 09:35:46,KO,54.73,607.0,sell,NYSE
tx_0000579,2025-06-12 09:35:47,MCD,248.67,355.0,sell,NYSE
tx_0005849,2025-06-12 09:35:53,DIS,179.44,101.0,sell,NYSE
tx_0009203,2025-06-12 09:35:54,MA,352.4,808.0,buy,NYSE
tx_0005842,2025-06-12 09:35:55,V,219.54,750.0,buy,NYSE
tx_0002322,2025-06-12 09:35:57,GOOGL,2813.74,350.0,buy,NASDAQ
tx_0008983,2025-06-12 09:36:01,PYPL,249.43,387.0,sell,NASDAQ
tx_0001085,2025-06-12 09:36:03,MSFT,304.17,544.0,sell,NASDAQ
tx_0008012,2025-06-12 09:36:04,DIS,179.76,856.0,sell,NYSE
tx_0005046,2025-06-12 09:36:06,DIS,180.46,314.0,buy,NYSE
tx_0006762,2025-06-12 09:36:09,MA,345.98,450.0,buy,NYSE
tx_0009633,2025-06-12 09:36:10,WMT,139.91,500.0,sell,NYSE
tx_0007926,2025-06-12 09:36:12,JNJ,169.25,101.0,sell,NYSE
tx_0009910,2025-06-12 09:36:13,MA,349.61,184.0,sell,NYSE
tx_0008331,2025-06-12 09:36:13,KO,55.23,155.0,buy,NYSE
tx_0008370,2025-06-12 09:36:18,ADBE,,927.0,buy,NASDAQ
tx_0008136,2025-06-12 09:36:19,PG,140.51,552.0,buy,NYSE
tx_0003226,2025-06-12 09:36:25,DIS,181.06,277.0,buy,NYSE
tx_0008956,2025-06-12 09:36:28,TSLA,697.68,57.0,buy,NASDAQ
tx_0002340,2025-06-12 09:36:39,JNJ,169.75,207.0,buy,NYSE
tx_0007269,2025-06-12 09:36:39,NVDA,197.88,259.0,buy,NASDAQ
tx_0006807,2025-06-12 09:36:47,PG,141.28,126.0,buy,NYSE
tx_0004710,2025-06-12 09:36:48,TSLA,706.1,541.0,buy,NASDAQ
tx_0002417,2025-06-12 09:36:48,TSLA,697.69,113.0,sell,NASDAQ
tx_0001453,2025-06-12 09:36:49,NVDA,196.48,265.0,sell,NASDAQ
tx_0009689,2025-06-12 09:36:55,JNJ,169.92,335.0,sell,NYSE
tx_0001582,2025-06-12 09:36:57,JNJ,169.77,411.0,sell,NYSE
tx_0007665,2025-06-12 09:36:57,JNJ,169.52,114.0,buy,NYSE
tx_0008796,2025-06-12 09:37:02,JNJ,171.54,391.0,buy,NYSE
tx_0008143,2025-06-12 09:37:03,BRK.B,279.56,793.0,sell,NYSE
tx_0004752,2025-06-12 09:37:06,KO,54.6,873.0,sell,NYSE
tx_0008897,2025-06-12 09:37:07,TSLA,704.89,912.0,sell,NASDAQ
tx_0004893,2025-06-12 09:37:13,PEP,151.95,832.0,buy,NYSE
tx_0009195,2025-06-12 09:37:14,GOOGL,2796.92,311.0,sell,NASDAQ
tx_0005376,2025-06-12 09:37:21,AAPL,150.37,127.0,buy,NASDAQ
tx_0009028,2025-06-12 09:37:23,AMZN,3516.49,793.0,sell,NASDAQ
tx_0001080,2025-06-12 09:37:24,KO,55.32,436.0,sell,NYSE
tx_0008199,2025-06-12 09:37:28,WMT,139.82,730.0,buy,NYSE
tx_0007416,2025-06-12 09:37:29,GOOGL,2760.65,341.0,buy,NASDAQ
tx_0007431,2025-06-12 09:37:31,TSLA,704.55,395.0,buy,NASDAQ
tx_0003631,2025-06-12 09:37:32,NVDA,197.11,572.0,sell,NASDAQ
tx_0009313,2025-06-12 09:37:35,TSLA,700.52,418.0,sell,NASDAQ
tx_0001716,2025-06-12 09:37:37,ADBE,600.85,640.0,buy,NASDAQ
tx_0007159,2025-06-12 09:37:38,NFLX,503.65,649.0,buy,NASDAQ
tx_0006847,2025-06-12 09:37:38,AAPL,151.62,434.0,buy,NASDAQ
tx_0005217,2025-06-12 09:37:40,BRK.B,278.3,100.0,buy,NYSE
tx_0000463,2025-06-12 09:37:42,DIS,,652.0,buy,NYSE
tx_0005894,2025-06-12 09:37:43,PYPL,249.43,63.0,sell,NASDAQ
tx_0002116,2025-06-12 09:37:47,PG,142.44,502.0,sell,NYSE
tx_0009635,2025-06-12 09:37:48,MSFT,305.19,358.0,buy,NASDAQ
tx_0000985,2025-06-12 09:37:50,NVDA,197.81,736.0,buy,NASDAQ
tx_0000983,2025-06-12 09:37:51,NFLX,496.64,775.0,sell,NASDAQ
tx_0007803,2025-06-12 09:37:54,NVDA,197.3,204.0,sell,NASDAQ
tx_0009998,2025-06-12 09:37:55,MA,348.81,378.0,buy,NYSE
tx_0004246,2025-06-12 09:37:58,WMT,139.15,603.0,buy,NYSE
tx_0009493,2025-06-12 09:37:59,AAPL,152.5,641.0,sell,NASDAQ
tx_0000289,2025-06-12 09:37:59,AMZN,3494.64,657.0,buy,NASDAQ
tx_0001428,2025-06-12 09:38:01,AMZN,3500.43,905.0,sell,NASDAQ
tx_0006226,2025-06-12 09:38:01,GOOGL,2792.04,657.0,buy,NASDAQ
tx_0006617,2025-06-12 09:38:06,KO,55.24,629.0,sell,NYSE
tx_0009143,2025-06-12 09:38:07,BRK.B,278.78,211.0,sell,NYSE
tx_0003049,2025-06-12 09:38:07,PYPL,253.39,148.0,sell,NASDAQ
tx_0004264,2025-06-12 09:38:08,TSLA,705.15,525.0,sell,NASDAQ
tx_0002358,2025-06-12 09:38:10,NVDA,199.9,58.0,sell,NASDAQ
tx_0008142,2025-06-12 09:38:11,PYPL,250.91,766.0,sell,NASDAQ
tx_0006730,2025-06-12 09:38:11,GOOGL,2800.94,419.0,sell,NASDAQ
tx_0000976,2025-06-12 09:38:11,PEP,152.56,433.0,sell,NYSE
tx_0005600,2025-06-12 09:38:19,FB,328.24,872.0,buy,NASDAQ
tx_0000448,2025-06-12 09:38:21,JNJ,170.07,291.0,buy,NYSE
tx_0004963,2025-06-12 09:38:21,WMT,139.35,387.0,buy,NYSE
tx_0004510,2025-06-12 09:38:22,PG,141.74,996.0,buy,NYSE
tx_0009561,2025-06-12 09:38:23,FB,328.96,679.0,sell,NASDAQ
tx_0004235,2025-06-12 09:38:23,WMT,138.34,67.0,buy,NYSE
tx_0009010,2025-06-12 09:38:24,GOOGL,2796.61,71.0,buy,NASDAQ
tx_0007810,2025-06-12 09:38:31,AMZN,3499.98,659.0,sell,NASDAQ
tx_0005482,2025-06-12 09:38:33,V,221.12,869.0,sell,NYSE
tx_0009802,2025-06-12 09:38:34,PG,141.1,307.0,buy,NYSE
tx_0002520,2025-06-12 09:38:37,MSFT,302.17,899.0,buy,NASDAQ
tx_0000539,2025-06-12 09:38:42,AAPL,152.49,890.0,sell,NASDAQ
tx_0007193,2025-06-12 09:38:44,PYPL,250.71,842.0,buy,NASDAQ
tx_0003447,2025-06-12 09:38:45,AAPL,152.17,529.0,buy,NASDAQ
tx_0007828,2025-06-12 09:38:48,AMZN,3478.94,692.0,buy,NASDAQ
tx_0000382,2025-06-12 09:38:49,MSFT,304.12,633.0,sell,NASDAQ
tx_0002092,2025-06-12 09:38:50,AAPL,153.15,984.0,sell,NASDAQ
tx_0003246,2025-06-12 09:38:50,NFLX,497.26,80.0,buy,NASDAQ
tx_0003111,2025-06-12 09:38:53,MCD,244.16,836.0,sell,NYSE
tx_0009409,2025-06-12 09:38:57,FB,330.33,200.0,sell,NASDAQ
tx_0002640,2025-06-12 09:39:04,BRK.B,282.24,884.0,sell,NYSE
tx_0008205,2025-06-12 09:39:04,PG,141.39,827.0,buy,NYSE
tx_0004887,2025-06-12 09:39:06,PG,,846.0,buy,NYSE
tx_0003409,2025-06-12 09:39:08,NFLX,496.22,427.0,buy,NASDAQ
tx_0005535,2025-06-12 09:39:10,DIS,180.73,61.0,sell,NYSE
tx_0005872,2025-06-12 09:39:17,DIS,179.48,512.0,sell,NYSE
tx_0000912,2025-06-12 09:39:22,BRK.B,278.42,743.0,buy,NYSE
tx_0005705,2025-06-12 09:39:24,ADBE,599.0,109.0,buy,NASDAQ
tx_0005403,2025-06-12 09:39:25,NFLX,496.27,664.0,sell,NASDAQ
tx_0003990,2025-06-12 09:39:28,AMZN,3467.21,223.0,buy,NASDAQ
tx_0006318,2025-06-12 09:39:28,JNJ,171.45,534.0,buy,NYSE
tx_0006879,2025-06-12 09:39:30,V,218.18,806.0,buy,NYSE
tx_0009487,2025-06-12 09:39:36,DIS,180.31,443.0,sell,NYSE
tx_0007031,2025-06-12 09:39:37,FB,327.5,769.0,sell,NASDAQ
tx_0002311,2025-06-12 09:39:37,BRK.B,277.67,908.0,buy,NYSE
tx_0005598,2025-06-12 09:39:39,MCD,,913.0,buy,NYSE
tx_0005931,2025-06-12 09:39:40,PG,141.05,259.0,sell,NYSE
tx_0009986,2025-06-12 09:39:42,PEP,152.52,292.0,buy,NYSE
tx_0001171,2025-06-12 09:39:45,JNJ,168.94,207.0,buy,NYSE
tx_0004800,2025-06-12 09:39:46,GOOGL,2750.57,261.0,buy,NASDAQ
tx_0003410,2025-06-12 09:40:04,PEP,152.04,42.0,sell,NYSE
tx_0007226,2025-06-12 09:40:04,KO,55.21,212.0,sell,NYSE
tx_0001135,2025-06-12 09:40:06,TSLA,707.91,5.0,sell,NASDAQ
tx_0001751,2025-06-12 09:40:06,DIS,180.77,963.0,sell,NYSE
tx_0002630,2025-06-12 09:40:09,AMZN,3512.29,650.0,sell,NASDAQ
tx_0007216,2025-06-12 09:40:11,MSFT,301.48,616.0,sell,NASDAQ
tx_0007024,2025-06-12 09:40:12,PYPL,250.5,774.0,buy,NASDAQ
tx_0002858,2025-06-12 09:40:13,PYPL,250.07,976.0,buy,NASDAQ
tx_0006325,2025-06-12 09:40:15,AMZN,3517.27,682.0,sell,NASDAQ
tx_0001766,2025-06-12 09:40:16,PG,140.16,368.0,sell,NYSE
tx_0004267,2025-06-12 09:40:20,DIS,178.71,636.0,sell,NYSE
tx_0008792,2025-06-12 09:40:24,PEP,151.85,926.0,sell,NYSE
tx_0007764,2025-06-12 09:40:24,PG,141.34,364.0,buy,NYSE
tx_0005227,2025-06-12 09:40:25,PYPL,250.06,234.0,sell,NASDAQ
tx_0000128,2025-06-12 09:40:30,WMT,138.28,732.0,sell,NYSE
tx_0004849,2025-06-12 09:40:35,MCD,247.5,594.0,sell,NYSE
tx_0005913,2025-06-12 09:40:37,TSLA,695.7,586.0,buy,NASDAQ
tx_0009053,2025-06-12 09:40:38,FB,329.63,534.0,sell,NASDAQ
tx_0001520,2025-06-12 09:40:45,PEP,151.88,794.0,sell,NYSE
tx_0003705,2025-06-12 09:40:47,V,216.91,119.0,buy,NYSE
tx_0008823,2025-06-12 09:40:52,MCD,245.12,695.0,buy,NYSE
tx_0000570,2025-06-12 09:40:53,PYPL,253.58,674.0,sell,NASDAQ
tx_0007533,2025-06-12 09:40:54,NVDA,200.06,963.0,buy,NASDAQ
tx_0009588,2025-06-12 09:40:58,FB,328.13,665.0,sell,NASDAQ
tx_0008586,2025-06-12 09:40:58,PEP,151.83,606.0,buy,NYSE
tx_0000365,2025-06-12 09:41:00,MCD,247.52,856.0,buy,NYSE
tx_0000451,2025-06-12 09:41:01,JNJ,169.17,339.0,buy,NYSE
tx_0009328,2025-06-12 09:41:05,MA,343.35,280.0,sell,NYSE
tx_0000583,2025-06-12 09:41:07,PEP,151.24,335.0,sell,NYSE
tx_0008815,2025-06-12 09:41:12,NFLX,500.95,737.0,sell,NASDAQ
tx_0004656,2025-06-12 09:41:12,KO,54.48,478.0,sell,NYSE
tx_0003493,2025-06-12 09:41:15,NVDA,199.37,522.0,sell,NASDAQ
tx_0000149,2025-06-12 09:41:18,MSFT,303.98,37.0,sell,NASDAQ
tx_0004901,2025-06-12 09:41:23,JNJ,170.23,559.0,buy,NYSE
tx_0004680,2025-06-12 09:41:27,AMZN,3499.04,104.0,buy,NASDAQ
tx_0009345,2025-06-12 09:41:29,TSLA,700.72,206.0,sell,NASDAQ
tx_0007514,2025-06-12 09:41:32,NFLX,503.54,501.0,sell,NASDAQ
tx_0007519,2025-06-12 09:41:35,MA,343.93,74.0,sell,NYSE
tx_0006500,2025-06-12 09:41:37,PG,140.96,98.0,buy,NYSE
tx_0002083,2025-06-12 09:41:40,AMZN,3482.36,312.0,sell,NASDAQ
tx_0009960,2025-06-12 09:41:45,AMZN,3511.35,218.0,sell,NASDAQ
tx_0000611,2025-06-12 09:41:47,NFLX,502.54,45.0,sell,NASDAQ
tx_0006103,2025-06-12 09:41:48,FB,326.95,616.0,sell,NASDAQ
tx_0000294,2025-06-12 09:41:50,GOOGL,2778.33,963.0,buy,NASDAQ
tx_0006362,2025-06-12 09:41:51,JNJ,171.63,754.0,sell,NYSE
tx_0000997,2025-06-12 09:41:54,PYPL,251.91,470.0,buy,NASDAQ
tx_0006140,2025-06-12 09:41:56,BRK.B,280.72,239.0,sell,NYSE
tx_0008996,2025-06-12 09:41:59,MSFT,306.28,218.0,sell,NASDAQ
tx_0003672,2025-06-12 09:42:00,AAPL,152.97,836.0,buy,NASDAQ
tx_0009482,2025-06-12 09:42:02,DIS,180.03,936.0,sell,NYSE
tx_0007635,2025-06-12 09:42:03,AAPL,151.46,638.0,buy,NASDAQ
tx_0003158,2025-06-12 09:42:05,FB,327.58,638.0,buy,NASDAQ
tx_0001658,2025-06-12 09:42:10,NFLX,496.34,608.0,buy,NASDAQ
tx_0007515,2025-06-12 09:42:11,KO,54.74,852.0,sell,NYSE
tx_0002944,2025-06-12 09:42:14,PYPL,252.03,662.0,sell,NASDAQ
tx_0005895,2025-06-12 09:42:18,TSLA,703.85,403.0,buy,NASDAQ
tx_0009475,2025-06-12 09:42:19,MA,347.27,295.0,buy,NYSE
tx_0001823,2025-06-12 09:42:22,PYPL,250.87,210.0,sell,NASDAQ
tx_0004248,2025-06-12 09:42:23,DIS,178.94,350.0,sell,NYSE
tx_0005640,2025-06-12 09:42:24,AMZN,3506.39,585.0,buy,NASDAQ
tx_0001597,2025-06-12 09:42:28,MCD,247.19,220.0,buy,NYSE
tx_0008613,2025-06-12 09:42:30,MSFT,302.14,793.0,sell,NASDAQ
tx_0000218,2025-06-12 09:42:31,ADBE,600.44,356.0,sell,NASDAQ
tx_0006274,2025-06-12 09:42:33,AAPL,150.57,576.0,buy,NASDAQ
tx_0005087,2025-06-12 09:42:36,V,218.12,402.0,sell,NYSE
tx_0009642,2025-06-12 09:42:39,NFLX,500.62,786.0,buy,NASDAQ
tx_0007853,2025-06-12 09:42:41,V,220.79,669.0,buy,NYSE
tx_0008646,2025-06-12 09:42:41,ADBE,600.05,527.0,sell,NASDAQ
tx_0008140,2025-06-12 09:42:43,ADBE,598.44,895.0,sell,NASDAQ
tx_0001155,2025-06-12 09:42:45,NFLX,498.11,965.0,buy,NASDAQ
tx_0008020,2025-06-12 09:42:48,PEP,149.86,168.0,sell,NYSE
tx_0004724,2025-06-12 09:42:54,TSLA,703.21,227.0,sell,NASDAQ
tx_0006302,2025-06-12 09:43:00,KO,55.38,295.0,sell,NYSE
tx_0009243,2025-06-12 09:43:02,KO,55.76,753.0,sell,NYSE
tx_0003323,2025-06-12 09:43:11,JNJ,168.58,72.0,buy,NYSE
tx_0008192,2025-06-12 09:43:12,V,218.62,246.0,buy,NYSE
tx_0002662,2025-06-12 09:43:12,FB,330.21,639.0,sell,NASDAQ
tx_0008497,2025-06-12 09:43:13,AMZN,3522.4,691.0,buy,NASDAQ
tx_0009917,2025-06-12 09:43:14,NVDA,197.97,414.0,buy,NASDAQ
tx_0008808,2025-06-12 09:43:15,WMT,141.76,968.0,buy,NYSE
tx_0001120,2025-06-12 09:43:18,PG,142.48,913.0,buy,NYSE
tx_0005213,2025-06-12 09:43:20,NVDA,200.97,235.0,buy,NASDAQ
tx_0008510,2025-06-12 09:43:21,MSFT,301.67,52.0,sell,NASDAQ
tx_0002935,2025-06-12 09:43:24,AMZN,3494.51,181.0,sell,NASDAQ
tx_0003958,2025-06-12 09:43:25,PYPL,250.33,475.0,buy,NASDAQ
tx_0005155,2025-06-12 09:43:25,PEP,150.32,623.0,buy,NYSE
tx_0003060,2025-06-12 09:43:25,JNJ,168.21,545.0,buy,NYSE
tx_0002571,2025-06-12 09:43:25,DIS,179.19,443.0,sell,NYSE
tx_0008761,2025-06-12 09:43:27,JNJ,169.59,904.0,buy,NYSE
tx_0005414,2025-06-12 09:43:29,AMZN,3477.24,70.0,sell,NASDAQ
tx_0006702,2025-06-12 09:43:29,AMZN,3514.23,55.0,sell,NASDAQ
tx_0008255,2025-06-12 09:43:34,FB,328.11,957.0,sell,NASDAQ
tx_0003802,2025-06-12 09:43:35,WMT,142.21,681.0,buy,NYSE
tx_0002653,2025-06-12 09:43:37,AAPL,151.08,67.0,buy,NASDAQ
tx_0000514,2025-06-12 09:43:37,GOOGL,2776.66,577.0,sell,NASDAQ
tx_0006948,2025-06-12 09:43:37,DIS,178.99,618.0,sell,NYSE
tx_0002176,2025-06-12 09:43:39,MA,341.32,754.0,sell,NYSE
tx_0002378,2025-06-12 09:43:45,JNJ,169.17,888.0,buy,NYSE
tx_0001829,2025-06-12 09:43:45,MCD,244.25,369.0,buy,NYSE
tx_0004413,2025-06-12 09:43:48,JNJ,170.53,422.0,buy,NYSE
tx_0001618,2025-06-12 09:43:53,BRK.B,279.04,43.0,sell,NYSE
tx_0004285,2025-06-12 09:43:55,FB,327.87,130.0,sell,NASDAQ
tx_0001314,2025-06-12 09:43:57,KO,55.68,365.0,buy,NYSE
tx_0001103,2025-06-12 09:44:00,NFLX,500.96,512.0,buy,NASDAQ
tx_0005214,2025-06-12 09:44:01,PEP,152.1,154.0,sell,NYSE
tx_0009591,2025-06-12 09:44:10,GOOGL,2763.96,883.0,buy,NASDAQ
tx_0004440,2025-06-12 09:44:13,NFLX,495.9,893.0,sell,NASDAQ
tx_0001038,2025-06-12 09:44:17,V,218.96,120.0,buy,NYSE
tx_0008210,2025-06-12 09:44:17,AAPL,152.25,968.0,sell,NASDAQ
tx_0000356,2025-06-12 09:44:17,BRK.B,279.95,881.0,buy,NYSE
tx_0001656,2025-06-12 09:44:22,JNJ,170.47,613.0,sell,NYSE
tx_0005818,2025-06-12 09:44:24,MA,341.67,285.0,buy,NYSE
tx_0007756,2025-06-12 09:44:31,AMZN,3494.53,437.0,sell,NASDAQ
tx_0009695,2025-06-12 09:44:32,MCD,245.01,488.0,buy,NYSE
tx_0004166,2025-06-12 09:44:33,PG,141.04,19.0,buy,NYSE
tx_0001907,2025-06-12 09:44:34,MSFT,304.48,341.0,buy,NASDAQ
tx_0007626,2025-06-12 09:44:40,AMZN,3531.98,639.0,sell,NASDAQ
tx_0000096,2025-06-12 09:44:42,GOOGL,2735.85,115.0,buy,NASDAQ
tx_0008471,2025-06-12 09:44:52,MCD,245.61,947.0,sell,NYSE
tx_0004367,2025-06-12 09:44:56,MCD,246.99,647.0,buy,NYSE
tx_0000472,2025-06-12 09:44:56,MSFT,303.34,386.0,buy,NASDAQ
tx_0003525,2025-06-12 09:45:02,NVDA,201.03,207.0,buy,NASDAQ
tx_0006455,2025-06-12 09:45:09,MSFT,303.8,77.0,buy,NASDAQ
tx_0003242,2025-06-12 09:45:11,AAPL,151.08,241.0,buy,NASDAQ
tx_0008176,2025-06-12 09:45:14,NFLX,502.11,469.0,buy,NASDAQ
tx_0006995,2025-06-12 09:45:17,MSFT,303.28,218.0,sell,NASDAQ
tx_0006712,2025-06-12 09:45:17,AAPL,150.8,116.0,sell,NASDAQ
tx_0002905,2025-06-12 09:45:19,FB,329.06,174.0,buy,NASDAQ
tx_0006370,2025-06-12 09:45:20,NFLX,497.17,442.0,sell,NASDAQ
tx_0007072,2025-06-12 09:45:21,MSFT,304.78,700.0,sell,NASDAQ
tx_0005029,2025-06-12 09:45:23,TSLA,691.13,167.0,sell,NASDAQ
tx_0000341,2025-06-12 09:45:26,PYPL,250.08,911.0,buy,NASDAQ
tx_0000663,2025-06-12 09:45:27,TSLA,691.0,52.0,buy,NASDAQ
tx_0004194,2025-06-12 09:45:30,KO,55.52,855.0,sell,NYSE
tx_0004174,2025-06-12 09:45:31,AAPL,152.34,851.0,sell,NASDAQ
tx_0006498,2025-06-12 09:45:31,PEP,151.71,369.0,sell,NYSE
tx_0007978,2025-06-12 09:45:32,PG,140.61,237.0,buy,NYSE
tx_0004736,2025-06-12 09:45:33,MCD,246.74,771.0,buy,NYSE
tx_0004675,2025-06-12 09:45:34,NVDA,197.53,650.0,buy,NASDAQ
tx_0005018,2025-06-12 09:45:38,GOOGL,2727.7,526.0,sell,NASDAQ
tx_0008659,2025-06-12 09:45:39,NVDA,200.82,226.0,buy,
tx_0002965,2025-06-12 09:45:42,PEP,151.72,538.0,sell,NYSE
tx_0004241,2025-06-12 09:45:44,NFLX,498.62,516.0,sell,NASDAQ
tx_0007233,2025-06-12 09:45:47,ADBE,596.19,288.0,buy,NASDAQ
tx_0005675,2025-06-12 09:45:54,DIS,181.12,90.0,sell,NYSE
tx_0007594,2025-06-12 09:46:00,KO,54.65,916.0,sell,NYSE
tx_0007612,2025-06-12 09:46:05,TSLA,697.28,395.0,sell,NASDAQ
tx_0008781,2025-06-12 09:46:08,MA,340.2,462.0,sell,NYSE
tx_0009522,2025-06-12 09:46:09,NFLX,502.4,314.0,sell,NASDAQ
tx_0002213,2025-06-12 09:46:10,PEP,153.13,31.0,buy,NYSE
tx_0005781,2025-06-12 09:46:11,MCD,248.47,595.0,sell,NYSE
tx_0005285,2025-06-12 09:46:11,MA,340.83,19.0,sell,NYSE
tx_0005604,2025-06-12 09:46:12,MSFT,303.37,880.0,buy,NASDAQ
tx_0007610,2025-06-12 09:46:18,MCD,245.72,198.0,buy,NYSE
tx_0005361,2025-06-12 09:46:20,NFLX,504.92,,buy,NASDAQ
tx_0000076,2025-06-12 09:46:22,PG,139.58,632.0,sell,NYSE
tx_0007366,2025-06-12 09:46:23,AMZN,3532.17,691.0,buy,NASDAQ
tx_0001841,2025-06-12 09:46:24,GOOGL,2781.96,940.0,sell,NASDAQ
tx_0006249,2025-06-12 09:46:26,JNJ,169.76,746.0,buy,NYSE
tx_0004342,2025-06-12 09:46:34,MCD,246.14,563.0,buy,NYSE
tx_0001144,2025-06-12 09:46:35,NFLX,504.07,659.0,sell,
tx_0006294,2025-06-12 09:46:37,BRK.B,276.54,200.0,buy,NYSE
tx_0008733,2025-06-12 09:46:39,FB,329.3,660.0,sell,NASDAQ
tx_0004713,2025-06-12 09:46:40,MSFT,307.29,299.0,sell,NASDAQ
tx_0002562,2025-06-12 09:46:44,NVDA,199.1,950.0,buy,NASDAQ
tx_0000650,2025-06-12 09:46:49,AAPL,151.13,628.0,sell,NASDAQ
tx_0005275,2025-06-12 09:46:50,MSFT,306.98,688.0,sell,NASDAQ
tx_0009526,2025-06-12 09:46:57,PG,141.3,93.0,buy,NYSE
tx_0005804,2025-06-12 09:47:00,ADBE,603.74,422.0,buy,NASDAQ
tx_0003703,2025-06-12 09:47:02,TSLA,703.95,76.0,sell,NASDAQ
tx_0002706,2025-06-12 09:47:06,NFLX,496.49,940.0,buy,NASDAQ
tx_0002329,2025-06-12 09:47:06,V,218.38,445.0,sell,NYSE
tx_0001043,2025-06-12 09:47:09,TSLA,704.52,266.0,,NASDAQ
tx_0008016,2025-06-12 09:47:13,NFLX,504.73,402.0,buy,NASDAQ
tx_0007804,2025-06-12 09:47:14,PYPL,249.25,562.0,buy,NASDAQ
tx_0000587,2025-06-12 09:47:15,PEP,151.96,810.0,buy,NYSE
tx_0002257,2025-06-12 09:47:15,WMT,139.44,852.0,buy,NYSE
tx_0003796,2025-06-12 09:47:21,V,,278.0,sell,NYSE
tx_0003871,2025-06-12 09:47:22,NFLX,499.98,626.0,buy,NASDAQ
tx_0002718,2025-06-12 09:47:24,TSLA,707.1,854.0,buy,NASDAQ
tx_0003356,2025-06-12 09:47:25,AMZN,3580.21,670.0,sell,NASDAQ
tx_0003413,2025-06-12 09:47:32,GOOGL,2736.02,935.0,sell,NASDAQ
tx_0005460,2025-06-12 09:47:36,MCD,248.96,296.0,buy,NYSE
tx_0002904,2025-06-12 09:47:42,BRK.B,274.81,578.0,buy,NYSE
tx_0003840,2025-06-12 09:47:46,JNJ,170.63,618.0,buy,NYSE
tx_0000172,2025-06-12 09:47:47,ADBE,598.72,799.0,buy,NASDAQ
tx_0004380,2025-06-12 09:47:47,KO,54.92,277.0,sell,NYSE
tx_0005219,2025-06-12 09:47:48,PYPL,249.31,438.0,buy,NASDAQ
tx_0006484,2025-06-12 09:47:50,AAPL,151.6,661.0,sell,NASDAQ
tx_0004251,2025-06-12 09:47:52,PG,138.59,197.0,buy,NYSE
tx_0009453,2025-06-12 09:47:57,BRK.B,277.06,885.0,sell,NYSE
tx_0007215,2025-06-12 09:47:57,V,217.08,619.0,buy,NYSE
tx_0007229,2025-06-12 09:47:59,AMZN,3577.11,461.0,buy,NASDAQ
tx_0007902,2025-06-12 09:48:00,KO,54.36,894.0,sell,NYSE
tx_0002489,2025-06-12 09:48:01,PG,138.53,346.0,,NYSE
tx_0001748,2025-06-12 09:48:02,GOOGL,2743.51,414.0,buy,NASDAQ
tx_0004600,2025-06-12 09:48:05,DIS,180.62,755.0,buy,NYSE
tx_0004750,2025-06-12 09:48:05,NFLX,500.77,831.0,buy,NASDAQ
tx_0008060,2025-06-12 09:48:07,V,220.35,456.0,buy,NYSE
tx_0009585,2025-06-12 09:48:13,GOOGL,2749.96,589.0,buy,NASDAQ
tx_0003073,2025-06-12 09:48:13,JNJ,172.73,738.0,buy,NYSE
tx_0005360,2025-06-12 09:48:16,JNJ,173.04,49.0,sell,NYSE
tx_0008568,2025-06-12 09:48:16,MCD,251.09,687.0,buy,NYSE
tx_0001947,2025-06-12 09:48:21,KO,55.21,869.0,sell,NYSE
tx_0008863,2025-06-12 09:48:21,PEP,153.61,369.0,sell,NYSE
tx_0008063,2025-06-12 09:48:24,MSFT,307.81,911.0,sell,NASDAQ
tx_0001067,2025-06-12 09:48:24,GOOGL,2726.86,672.0,sell,NASDAQ
tx_0001560,2025-06-12 09:48:30,KO,54.93,471.0,buy,NYSE
tx_0006063,2025-06-12 09:48:34,TSLA,699.18,636.0,buy,NASDAQ
tx_0006611,2025-06-12 09:48:35,TSLA,694.6,699.0,buy,NASDAQ
tx_0002407,2025-06-12 09:48:37,TSLA,701.18,691.0,sell,NASDAQ
tx_0007511,2025-06-12 09:48:40,WMT,139.51,723.0,sell,NYSE
tx_0000006,2025-06-12 09:48:44,WMT,138.63,885.0,buy,NYSE
tx_0006267,2025-06-12 09:48:45,PG,140.9,406.0,buy,NYSE
tx_0004259,2025-06-12 09:48:54,WMT,139.03,338.0,buy,NYSE
tx_0009424,2025-06-12 09:49:05,WMT,140.44,609.0,buy,NYSE
tx_0004733,2025-06-12 09:49:06,BRK.B,275.42,758.0,sell,NYSE
tx_0003192,2025-06-12 09:49:07,NVDA,199.48,100.0,sell,NASDAQ
tx_0006606,2025-06-12 09:49:10,V,220.78,474.0,buy,NYSE
tx_0003083,2025-06-12 09:49:15,NVDA,198.09,497.0,sell,NASDAQ
tx_0009119,2025-06-12 09:49:15,PEP,152.67,365.0,sell,NYSE
tx_0007046,2025-06-12 09:49:16,GOOGL,2770.55,221.0,buy,NASDAQ
tx_0005862,2025-06-12 09:49:16,MA,335.99,738.0,buy,NYSE
tx_0000070,2025-06-12 09:49:17,BRK.B,271.42,678.0,sell,NYSE
tx_0009693,2025-06-12 09:49:22,MSFT,303.19,102.0,buy,NASDAQ
tx_0005280,2025-06-12 09:49:27,AMZN,3518.55,951.0,buy,NASDAQ
tx_0006848,2025-06-12 09:49:29,DIS,180.26,290.0,sell,NYSE
tx_0005524,2025-06-12 09:49:31,V,218.29,713.0,sell,NYSE
tx_0000389,2025-06-12 09:49:31,MCD,249.9,210.0,buy,NYSE
tx_0008156,2025-06-12 09:49:37,PYPL,248.97,101.0,buy,NASDAQ
tx_0003065,2025-06-12 09:49:38,FB,325.49,871.0,sell,NASDAQ
tx_0009278,2025-06-12 09:49:47,KO,54.96,243.0,buy,NYSE
tx_0007521,2025-06-12 09:49:59,DIS,178.34,109.0,sell,NYSE
tx_0002074,2025-06-12 09:49:59,AAPL,149.85,32.0,buy,NASDAQ
tx_0008800,2025-06-12 09:50:04,MA,340.78,419.0,sell,NYSE
tx_0003255,2025-06-12 09:50:06,DIS,180.35,692.0,sell,NYSE
tx_0003535,2025-06-12 09:50:06,NFLX,495.06,255.0,sell,NASDAQ
tx_0000129,2025-06-12 09:50:08,BRK.B,274.09,333.0,buy,NYSE
tx_0003844,2025-06-12 09:50:11,JNJ,170.92,274.0,sell,NYSE
tx_0005561,2025-06-12 09:50:11,MA,335.07,128.0,sell,NYSE
tx_0002593,2025-06-12 09:50:13,V,220.64,749.0,sell,NYSE
tx_0002031,2025-06-12 09:50:15,MSFT,308.61,860.0,buy,NASDAQ
tx_0007666,2025-06-12 09:50:16,PG,141.15,273.0,sell,NYSE
tx_0006391,2025-06-12 09:50:20,PG,141.04,236.0,sell,NYSE
tx_0000122,2025-06-12 09:50:22,V,220.31,218.0,sell,NYSE
tx_0002436,2025-06-12 09:50:23,AMZN,3574.0,286.0,buy,NASDAQ
tx_0004838,2025-06-12 09:50:24,KO,55.05,262.0,sell,NYSE
tx_0001313,2025-06-12 09:50:25,NFLX,502.81,641.0,buy,NASDAQ
tx_0000285,2025-06-12 09:50:25,KO,55.34,946.0,sell,NYSE
tx_0006366,2025-06-12 09:50:31,MA,334.41,27.0,sell,NYSE
tx_0006735,2025-06-12 09:50:31,AAPL,151.24,623.0,sell,NASDAQ
tx_0005150,2025-06-12 09:50:34,PEP,151.88,392.0,sell,NYSE
tx_0009972,2025-06-12 09:50:34,NVDA,198.96,,sell,NASDAQ
tx_0005902,2025-06-12 09:50:36,MCD,250.79,832.0,sell,NYSE
tx_0009682,2025-06-12 09:50:37,PYPL,248.76,122.0,buy,NASDAQ
tx_0008264,2025-06-12 09:50:40,DIS,177.96,300.0,sell,NYSE
tx_0004233,2025-06-12 09:50:44,BRK.B,271.42,621.0,sell,NYSE
tx_0002399,2025-06-12 09:50:44,MSFT,305.87,431.0,buy,NASDAQ
tx_0004492,2025-06-12 09:50:46,DIS,178.61,10.0,buy,NYSE
tx_0009973,2025-06-12 09:50:50,ADBE,604.98,473.0,sell,NASDAQ
tx_0000314,2025-06-12 09:50:53,AMZN,3521.31,736.0,sell,NASDAQ
tx_0005735,2025-06-12 09:50:53,NVDA,198.28,,buy,NASDAQ
tx_0002111,2025-06-12 09:50:55,V,219.96,814.0,sell,NYSE
tx_0001456,2025-06-12 09:50:59,MSFT,303.69,254.0,sell,NASDAQ
tx_0001280,2025-06-12 09:51:00,GOOGL,2731.99,585.0,sell,NASDAQ
tx_0001412,2025-06-12 09:51:04,AMZN,3549.43,507.0,sell,NASDAQ
tx_0000996,2025-06-12 09:51:05,TSLA,708.85,778.0,buy,NASDAQ
tx_0003606,2025-06-12 09:51:05,AAPL,150.49,198.0,sell,NASDAQ
tx_0005866,2025-06-12 09:51:09,FB,323.6,203.0,buy,NASDAQ
tx_0000968,2025-06-12 09:51:12,ADBE,597.38,705.0,buy,NASDAQ
tx_0004021,2025-06-12 09:51:17,KO,54.68,551.0,sell,NYSE
tx_0007568,2025-06-12 09:51:18,GOOGL,2750.92,171.0,buy,NASDAQ
tx_0004723,2025-06-12 09:51:19,MCD,248.84,425.0,sell,NYSE
tx_0004307,2025-06-12 09:51:19,WMT,138.98,608.0,buy,NYSE
tx_0009024,2025-06-12 09:51:21,V,218.94,213.0,buy,NYSE
tx_0002201,2025-06-12 09:51:21,DIS,178.93,411.0,sell,NYSE
tx_0006032,2025-06-12 09:51:21,BRK.B,270.9,6.0,buy,NYSE
tx_0003873,2025-06-12 09:51:24,TSLA,706.33,832.0,sell,NASDAQ
tx_0003081,2025-06-12 09:51:24,NVDA,196.86,263.0,sell,NASDAQ
tx_0007659,2025-06-12 09:51:25,MA,339.65,335.0,buy,NYSE
tx_0006320,2025-06-12 09:51:31,GOOGL,2742.16,47.0,sell,NASDAQ
tx_0004137,2025-06-12 09:51:36,WMT,140.27,533.0,sell,NYSE
tx_0006046,2025-06-12 09:51:39,PG,139.11,879.0,buy,NYSE
tx_0000168,2025-06-12 09:51:40,BRK.B,273.85,764.0,sell,NYSE
tx_0003476,2025-06-12 09:51:41,PG,141.01,459.0,buy,NYSE
tx_0004754,2025-06-12 09:51:44,KO,54.72,942.0,buy,NYSE
tx_0005590,2025-06-12 09:51:47,MCD,249.56,637.0,buy,NYSE
tx_0008198,2025-06-12 09:51:47,GOOGL,2753.1,315.0,buy,
tx_0004068,2025-06-12 09:51:48,TSLA,693.4,961.0,buy,NASDAQ
tx_0002543,2025-06-12 09:51:51,PYPL,248.23,760.0,sell,NASDAQ
tx_0000404,2025-06-12 09:51:56,FB,323.27,78.0,buy,NASDAQ
tx_0001246,2025-06-12 09:51:57,AAPL,152.1,648.0,buy,NASDAQ
tx_0000736,2025-06-12 09:51:59,WMT,139.61,,sell,NYSE
tx_0000318,2025-06-12 09:51:59,WMT,138.96,443.0,buy,NYSE
tx_0009893,2025-06-12 09:52:05,AMZN,3556.89,648.0,buy,NASDAQ
tx_0008132,2025-06-12 09:52:09,MCD,247.19,271.0,sell,NYSE
tx_0006871,2025-06-12 09:52:10,ADBE,596.71,802.0,buy,NASDAQ
tx_0006950,2025-06-12 09:52:16,BRK.B,271.95,652.0,buy,NYSE
tx_0004250,2025-06-12 09:52:20,MCD,249.04,866.0,sell,NYSE
tx_0001959,2025-06-12 09:52:22,MCD,250.0,969.0,sell,NYSE
tx_0000680,2025-06-12 09:52:23,DIS,180.08,629.0,sell,NYSE
tx_0002911,2025-06-12 09:52:23,GOOGL,2736.46,521.0,buy,NASDAQ
tx_0004032,2025-06-12 09:52:29,JNJ,174.21,909.0,sell,NYSE
tx_0007361,2025-06-12 09:52:32,ADBE,604.29,125.0,buy,NASDAQ
tx_0002504,2025-06-12 09:52:34,AMZN,3519.0,88.0,buy,NASDAQ
tx_0002833,2025-06-12 09:52:35,KO,54.63,558.0,buy,NYSE
tx_0002987,2025-06-12 09:52:36,NVDA,197.59,5.0,sell,NASDAQ
tx_0006675,2025-06-12 09:52:37,DIS,181.58,638.0,sell,NYSE
tx_0008913,2025-06-12 09:52:40,JNJ,173.9,725.0,sell,NYSE
tx_0005140,2025-06-12 09:52:42,V,218.0,,buy,NYSE
tx_0002875,2025-06-12 09:52:42,MCD,249.23,758.0,buy,NYSE
tx_0006093,2025-06-12 09:52:45,BRK.B,273.35,292.0,buy,NYSE
tx_0006260,2025-06-12 09:52:46,KO,55.1,426.0,sell,NYSE
tx_0006666,2025-06-12 09:52:49,AAPL,151.7,391.0,buy,NASDAQ
tx_0000118,2025-06-12 09:52:49,AAPL,152.37,335.0,buy,NASDAQ
tx_0001588,2025-06-12 09:52:49,BRK.B,272.52,30.0,buy,NYSE
tx_0007237,2025-06-12 09:52:50,JNJ,171.18,670.0,buy,NYSE
tx_0009615,2025-06-12 09:52:50,MA,339.34,474.0,sell,NYSE
tx_0002367,2025-06-12 09:52:52,NFLX,496.33,32.0,buy,NASDAQ
tx_0007907,2025-06-12 09:52:54,ADBE,599.31,372.0,buy,NASDAQ
tx_0007231,2025-06-12 09:52:57,NFLX,492.58,678.0,buy,NASDAQ
tx_0009062,2025-06-12 09:52:57,MSFT,304.33,561.0,sell,NASDAQ
tx_0006809,2025-06-12 09:52:57,BRK.B,274.74,763.0,sell,NYSE
tx_0004596,2025-06-12 09:52:58,NVDA,199.34,630.0,buy,NASDAQ
tx_0004378,2025-06-12 09:52:59,GOOGL,2725.39,15.0,sell,NASDAQ
tx_0009904,2025-06-12 09:53:01,GOOGL,2720.27,301.0,buy,NASDAQ
tx_0000549,2025-06-12 09:53:03,NVDA,196.5,311.0,sell,NASDAQ
tx_0005090,2025-06-12 09:53:04,JNJ,171.27,26.0,sell,NYSE
tx_0002916,2025-06-12 09:53:11,NFLX,497.34,471.0,sell,NASDAQ
tx_0008536,2025-06-12 09:53:12,MCD,248.87,41.0,sell,NYSE
tx_0009037,2025-06-12 09:53:21,GOOGL,2755.55,569.0,sell,
tx_0002416,2025-06-12 09:53:25,MSFT,304.81,642.0,sell,NASDAQ
tx_0001902,2025-06-12 09:53:25,PG,139.36,833.0,buy,NYSE
tx_0000041,2025-06-12 09:53:28,DIS,179.84,311.0,buy,NYSE
tx_0001466,2025-06-12 09:53:28,PYPL,252.25,635.0,buy,NASDAQ
tx_0002328,2025-06-12 09:53:32,MCD,249.39,858.0,sell,NYSE
tx_0004548,2025-06-12 09:53:35,AMZN,3506.76,728.0,buy,NASDAQ
tx_0000372,2025-06-12 09:53:36,PYPL,251.15,593.0,sell,NASDAQ
tx_0002441,2025-06-12 09:53:37,NFLX,498.26,980.0,buy,NASDAQ
tx_0008388,2025-06-12 09:53:38,KO,54.83,523.0,buy,
tx_0005005,2025-06-12 09:53:38,KO,55.05,815.0,buy,NYSE
tx_0003477,2025-06-12 09:53:39,FB,323.45,267.0,buy,NASDAQ
tx_0003854,2025-06-12 09:53:39,AMZN,3507.28,651.0,buy,NASDAQ
tx_0002352,2025-06-12 09:53:40,WMT,138.89,865.0,sell,NYSE
tx_0008592,2025-06-12 09:53:44,GOOGL,2741.6,595.0,buy,NASDAQ
tx_0000278,2025-06-12 09:53:46,ADBE,606.75,525.0,sell,NASDAQ
tx_0003295,2025-06-12 09:53:49,KO,54.74,528.0,buy,NYSE
tx_0007013,2025-06-12 09:53:49,PG,137.8,625.0,sell,NYSE
tx_0009088,2025-06-12 09:53:52,MSFT,309.36,758.0,sell,NASDAQ
tx_0000325,2025-06-12 09:53:53,KO,54.79,167.0,sell,NYSE
tx_0007147,2025-06-12 09:53:56,MA,337.03,620.0,buy,NYSE
tx_0001369,2025-06-12 09:53:59,PEP,151.67,194.0,buy,NYSE
tx_0000748,2025-06-12 09:54:00,TSLA,690.41,660.0,sell,NASDAQ
tx_0002579,2025-06-12 09:54:06,ADBE,609.37,292.0,sell,NASDAQ
tx_0009513,2025-06-12 09:54:08,AAPL,152.78,512.0,buy,NASDAQ
tx_0009624,2025-06-12 09:54:09,KO,54.38,207.0,sell,NYSE
tx_0005793,2025-06-12 09:54:09,V,221.52,411.0,sell,NYSE
tx_0007727,2025-06-12 09:54:10,JNJ,172.38,10.0,sell,NYSE
tx_0005796,2025-06-12 09:54:12,ADBE,606.35,339.0,buy,NASDAQ
tx_0001407,2025-06-12 09:54:14,PG,138.86,530.0,sell,NYSE
tx_0006053,2025-06-12 09:54:23,GOOGL,2763.31,205.0,sell,NASDAQ
tx_0005491,2025-06-12 09:54:24,PEP,150.63,775.0,buy,NYSE
tx_0003266,2025-06-12 09:54:24,DIS,182.21,474.0,buy,NYSE
tx_0000279,2025-06-12 09:54:25,DIS,179.6,110.0,sell,NYSE
tx_0007769,2025-06-12 09:54:28,PEP,151.56,621.0,sell,NYSE
tx_0009717,2025-06-12 09:54:32,JNJ,174.35,826.0,buy,NYSE
tx_0002929,2025-06-12 09:54:36,JNJ,172.63,805.0,sell,NYSE
tx_0000405,2025-06-12 09:54:38,DIS,180.99,,buy,NYSE
tx_0006614,2025-06-12 09:54:51,MSFT,310.11,216.0,sell,NASDAQ
tx_0007843,2025-06-12 09:54:53,NVDA,198.31,60.0,sell,NASDAQ
tx_0003375,2025-06-12 09:54:54,WMT,138.87,139.0,buy,NYSE
tx_0005502,2025-06-12 09:54:55,MA,335.73,651.0,sell,NYSE
tx_0009853,2025-06-12 09:54:56,PEP,150.73,728.0,buy,NYSE
tx_0007531,2025-06-12 09:54:59,JNJ,173.48,583.0,buy,NYSE
tx_0005575,2025-06-12 09:55:00,BRK.B,274.5,980.0,sell,NYSE
tx_0008389,2025-06-12 09:55:00,NVDA,200.21,264.0,buy,NASDAQ
tx_0005884,2025-06-12 09:55:01,NFLX,492.52,244.0,buy,NASDAQ
tx_0000264,2025-06-12 09:55:09,TSLA,704.68,865.0,sell,NASDAQ
tx_0000574,2025-06-12 09:55:10,MSFT,310.26,116.0,sell,NASDAQ
tx_0007718,2025-06-12 09:55:10,DIS,179.76,670.0,sell,NYSE
tx_0007911,2025-06-12 09:55:14,MA,337.66,224.0,sell,NYSE
tx_0002494,2025-06-12 09:55:16,NVDA,197.22,706.0,sell,NASDAQ
tx_0004700,2025-06-12 09:55:19,FB,324.41,50.0,sell,NASDAQ
tx_0001708,2025-06-12 09:55:19,GOOGL,2771.87,929.0,sell,NASDAQ
tx_0002796,2025-06-12 09:55:19,JNJ,173.68,685.0,sell,NYSE
tx_0000495,2025-06-12 09:55:20,GOOGL,2740.26,955.0,buy,NASDAQ
tx_0005655,2025-06-12 09:55:23,FB,325.49,757.0,sell,NASDAQ
tx_0008748,2025-06-12 09:55:26,KO,54.59,,sell,NYSE
tx_0000176,2025-06-12 09:55:28,AMZN,3482.77,455.0,sell,NASDAQ
tx_0008685,2025-06-12 09:55:35,PYPL,250.49,769.0,sell,NASDAQ
tx_0006726,2025-06-12 09:55:37,MA,337.71,729.0,buy,NYSE
tx_0004636,2025-06-12 09:55:37,KO,54.06,456.0,buy,NYSE
tx_0000342,2025-06-12 09:55:43,MCD,248.41,688.0,sell,NYSE
tx_0003655,2025-06-12 09:55:43,PEP,152.37,214.0,sell,NYSE
tx_0008033,2025-06-12 09:55:44,NVDA,199.91,959.0,buy,NASDAQ
tx_0005359,2025-06-12 09:55:45,TSLA,695.61,926.0,buy,NASDAQ
tx_0005045,2025-06-12 09:55:46,KO,53.97,510.0,buy,NYSE
tx_0006121,2025-06-12 09:55:49,DIS,181.34,89.0,sell,NYSE
tx_0005050,2025-06-12 09:55:50,ADBE,603.57,224.0,sell,NASDAQ
tx_0008769,2025-06-12 09:55:52,TSLA,695.52,601.0,sell,NASDAQ
tx_0007068,2025-06-12 09:55:52,TSLA,694.41,422.0,sell,NASDAQ
tx_0007062,2025-06-12 09:55:54,NVDA,199.06,58.0,,NASDAQ
tx_0007675,2025-06-12 09:56:00,JNJ,173.15,827.0,sell,NYSE
tx_0000698,2025-06-12 09:56:03,KO,54.68,589.0,buy,NYSE
tx_0000987,2025-06-12 09:56:10,WMT,138.68,757.0,buy,NYSE
tx_0005226,2025-06-12 09:56:11,FB,327.82,383.0,sell,NASDAQ
tx_0005396,2025-06-12 09:56:12,AAPL,153.25,14.0,buy,NASDAQ
tx_0002333,2025-06-12 09:56:14,DIS,179.93,488.0,buy,NYSE
tx_0007480,2025-06-12 09:56:23,TSLA,699.17,579.0,buy,NASDAQ
tx_0005357,2025-06-12 09:56:25,PG,139.68,361.0,buy,NYSE
tx_0005538,2025-06-12 09:56:27,V,223.13,591.0,sell,NYSE
tx_0003191,2025-06-12 09:56:28,PG,137.76,355.0,sell,NYSE
tx_0009521,2025-06-12 09:56:28,PYPL,247.96,479.0,buy,NASDAQ
tx_0001551,2025-06-12 09:56:36,KO,54.45,942.0,buy,NYSE
tx_0001919,2025-06-12 09:56:40,ADBE,607.87,70.0,sell,NASDAQ
tx_0009808,2025-06-12 09:56:44,AAPL,153.17,,sell,NASDAQ
tx_0003456,2025-06-12 09:56:46,MSFT,308.25,586.0,buy,NASDAQ
tx_0001112,2025-06-12 09:56:47,JNJ,173.18,282.0,buy,NYSE
tx_0006966,2025-06-12 09:56:54,KO,54.51,28.0,sell,NYSE
tx_0000573,2025-06-12 09:56:56,KO,55.2,938.0,sell,NYSE
tx_0000183,2025-06-12 09:56:57,AAPL,150.78,100.0,sell,NASDAQ
tx_0001042,2025-06-12 09:56:58,WMT,138.12,454.0,sell,NYSE
tx_0002981,2025-06-12 09:56:59,MSFT,308.37,721.0,sell,NASDAQ
tx_0006968,2025-06-12 09:57:07,V,221.45,97.0,sell,NYSE
tx_0009866,2025-06-12 09:57:07,JNJ,174.09,284.0,buy,NYSE
tx_0008379,2025-06-12 09:57:08,ADBE,608.53,214.0,sell,NASDAQ
tx_0007714,2025-06-12 09:57:09,MCD,252.32,949.0,buy,NYSE
tx_0001629,2025-06-12 09:57:09,PG,139.56,109.0,buy,
tx_0000088,2025-06-12 09:57:11,MSFT,306.57,481.0,sell,NASDAQ
tx_0008446,2025-06-12 09:57:12,MA,337.71,443.0,sell,NYSE
tx_0007443,2025-06-12 09:57:12,NVDA,199.79,444.0,sell,NASDAQ
tx_0005787,2025-06-12 09:57:13,ADBE,610.92,782.0,sell,NASDAQ
tx_0004629,2025-06-12 09:57:13,TSLA,694.44,806.0,sell,NASDAQ
tx_0005369,2025-06-12 09:57:13,WMT,138.56,215.0,sell,NYSE
tx_0008269,2025-06-12 09:57:16,PEP,151.73,39.0,buy,NYSE
tx_0003696,2025-06-12 09:57:17,JNJ,172.51,976.0,sell,NYSE
tx_0008193,2025-06-12 09:57:17,KO,55.03,191.0,buy,NYSE
tx_0001825,2025-06-12 09:57:26,AAPL,152.41,509.0,sell,NASDAQ
tx_0001141,2025-06-12 09:57:28,AAPL,151.42,159.0,buy,NASDAQ
tx_0004203,2025-06-12 09:57:33,PEP,153.28,269.0,buy,NYSE
tx_0007856,2025-06-12 09:57:37,TSLA,704.46,829.0,sell,NASDAQ
tx_0000456,2025-06-12 09:57:47,JNJ,173.48,522.0,buy,NYSE
tx_0002573,2025-06-12 09:57:51,MSFT,308.14,105.0,buy,NASDAQ
tx_0003622,2025-06-12 09:57:54,MA,337.21,995.0,buy,NYSE
tx_0004196,2025-06-12 09:57:57,GOOGL,2742.46,953.0,sell,NASDAQ
tx_0006076,2025-06-12 09:58:00,KO,54.37,747.0,buy,NYSE
tx_0007603,2025-06-12 09:58:02,AMZN,3543.12,62.0,buy,NASDAQ
tx_0008579,2025-06-12 09:58:02,GOOGL,2721.62,492.0,buy,NASDAQ
tx_0008034,2025-06-12 09:58:04,TSLA,697.08,951.0,sell,NASDAQ
tx_0005900,2025-06-12 09:58:04,PYPL,249.58,837.0,buy,NASDAQ
tx_0008242,2025-06-12 09:58:04,PEP,152.94,281.0,buy,NYSE
tx_0005442,2025-06-12 09:58:10,PG,139.45,197.0,sell,NYSE
tx_0005517,2025-06-12 09:58:10,PG,140.16,129.0,sell,NYSE
tx_0005758,2025-06-12 09:58:12,WMT,139.59,182.0,buy,NYSE
tx_0003185,2025-06-12 09:58:16,MSFT,306.3,567.0,buy,NASDAQ
tx_0000825,2025-06-12 09:58:19,PYPL,246.15,237.0,sell,NASDAQ
tx_0004925,2025-06-12 09:58:19,PEP,152.66,891.0,sell,NYSE
tx_0002978,2025-06-12 09:58:21,AMZN,3499.62,576.0,sell,NASDAQ
tx_0006197,2025-06-12 09:58:22,PYPL,249.56,831.0,sell,NASDAQ
tx_0002056,2025-06-12 09:58:30,AAPL,151.67,880.0,sell,NASDAQ
tx_0009235,2025-06-12 09:58:30,AAPL,151.64,865.0,buy,NASDAQ
tx_0006333,2025-06-12 09:58:31,PEP,151.07,568.0,buy,NYSE
tx_0009897,2025-06-12 09:58:31,PG,137.5,35.0,sell,NYSE
tx_0000737,2025-06-12 09:58:31,BRK.B,274.86,279.0,sell,NYSE
tx_0009287,2025-06-12 09:58:33,MA,341.91,903.0,buy,NYSE
tx_0003579,2025-06-12 09:58:36,AMZN,3510.28,789.0,buy,NASDAQ
tx_0003556,2025-06-12 09:58:40,NFLX,499.25,1.0,buy,NASDAQ
tx_0007149,2025-06-12 09:58:42,ADBE,602.85,758.0,buy,NASDAQ
tx_0007494,2025-06-12 09:58:43,ADBE,600.81,384.0,buy,NASDAQ
tx_0007780,2025-06-12 09:58:46,KO,54.48,704.0,sell,NYSE
tx_0003092,2025-06-12 09:58:46,TSLA,696.56,56.0,buy,NASDAQ
tx_0000180,2025-06-12 09:58:47,ADBE,609.55,35.0,sell,NASDAQ
tx_0004412,2025-06-12 09:58:54,PG,138.1,716.0,buy,
tx_0003346,2025-06-12 09:58:54,AMZN,3534.64,805.0,buy,NASDAQ
tx_0006699,2025-06-12 09:59:06,PEP,152.67,,sell,NYSE
tx_0007822,2025-06-12 09:59:13,MCD,251.01,230.0,sell,NYSE
tx_0003099,2025-06-12 09:59:15,AMZN,3526.08,445.0,buy,NASDAQ
tx_0006759,2025-06-12 09:59:15,JNJ,172.56,493.0,buy,NYSE
tx_0005831,2025-06-12 09:59:19,MA,338.49,50.0,sell,NYSE
tx_0009045,2025-06-12 09:59:20,AAPL,150.3,579.0,sell,NASDAQ
tx_0009162,2025-06-12 09:59:20,AAPL,151.85,416.0,sell,NASDAQ
tx_0001838,2025-06-12 09:59:21,GOOGL,2747.21,936.0,sell,NASDAQ
tx_0009395,2025-06-12 09:59:21,JNJ,172.73,574.0,sell,NYSE
tx_0002183,2025-06-12 09:59:22,ADBE,601.91,806.0,sell,NASDAQ
tx_0005666,2025-06-12 09:59:26,TSLA,698.93,127.0,buy,NASDAQ
tx_0001745,2025-06-12 09:59:28,ADBE,602.0,163.0,sell,NASDAQ
tx_0005549,2025-06-12 09:59:29,AMZN,3514.97,901.0,sell,NASDAQ
tx_0007259,2025-06-12 09:59:29,PEP,152.35,684.0,buy,NYSE
tx_0006520,2025-06-12 09:59:32,NVDA,198.13,74.0,buy,NASDAQ
tx_0009731,2025-06-12 09:59:32,DIS,182.9,330.0,buy,NYSE
tx_0006600,2025-06-12 09:59:32,NVDA,198.27,626.0,buy,
tx_0007174,2025-06-12 09:59:33,AAPL,152.51,453.0,buy,NASDAQ
tx_0001072,2025-06-12 09:59:36,TSLA,708.63,897.0,buy,NASDAQ
tx_0006229,2025-06-12 09:59:36,MSFT,307.45,432.0,sell,NASDAQ
tx_0003487,2025-06-12 09:59:39,PYPL,247.55,386.0,sell,NASDAQ
tx_0007380,2025-06-12 09:59:40,MA,338.48,766.0,buy,NYSE
tx_0004951,2025-06-12 09:59:43,PEP,,495.0,buy,NYSE
tx_0009811,2025-06-12 09:59:49,WMT,138.21,939.0,sell,NYSE
tx_0002264,2025-06-12 09:59:50,V,219.92,315.0,sell,NYSE
tx_0000040,2025-06-12 09:59:51,V,219.5,984.0,buy,NYSE
tx_0002660,2025-06-12 09:59:52,AAPL,151.29,487.0,sell,NASDAQ
tx_0002681,2025-06-12 09:59:55,ADBE,607.78,274.0,buy,NASDAQ
tx_0007676,2025-06-12 09:59:56,JNJ,172.94,586.0,sell,NYSE
tx_0002057,2025-06-12 10:00:02,NFLX,500.08,725.0,buy,NASDAQ
tx_0000078,2025-06-12 10:00:03,PYPL,249.43,543.0,sell,NASDAQ
tx_0003421,2025-06-12 10:00:20,FB,320.96,241.0,buy,NASDAQ
tx_0004746,2025-06-12 10:00:21,NFLX,496.55,481.0,buy,NASDAQ
tx_0005877,2025-06-12 10:00:21,ADBE,602.38,279.0,buy,NASDAQ
tx_0000789,2025-06-12 10:00:23,FB,325.44,213.0,sell,NASDAQ
tx_0007734,2025-06-12 10:00:25,PG,139.65,14.0,sell,NYSE
tx_0005608,2025-06-12 10:00:27,GOOGL,2717.26,895.0,buy,NASDAQ
tx_0004071,2025-06-12 10:00:35,BRK.B,275.61,889.0,sell,NYSE
tx_0008224,2025-06-12 10:00:35,JNJ,170.93,137.0,buy,NYSE
tx_0006924,2025-06-12 10:00:36,PYPL,246.79,948.0,sell,NASDAQ
tx_0000434,2025-06-12 10:00:36,MSFT,306.64,78.0,sell,NASDAQ
tx_0003173,2025-06-12 10:00:44,PG,138.69,381.0,buy,NYSE
tx_0004970,2025-06-12 10:00:47,V,224.17,279.0,buy,NYSE
tx_0007713,2025-06-12 10:00:49,V,223.18,95.0,buy,NYSE
tx_0007717,2025-06-12 10:00:49,PG,139.06,476.0,buy,NYSE
tx_0004624,2025-06-12 10:00:50,NFLX,493.33,886.0,buy,NASDAQ
tx_0001459,2025-06-12 10:00:50,FB,324.73,441.0,buy,NASDAQ
tx_0000201,2025-06-12 10:00:52,NFLX,495.39,81.0,sell,NASDAQ
tx_0000147,2025-06-12 10:00:54,BRK.B,273.03,294.0,sell,NYSE
tx_0008749,2025-06-12 10:00:55,DIS,182.54,277.0,buy,NYSE
tx_0000863,2025-06-12 10:00:55,FB,322.14,667.0,buy,NASDAQ
tx_0004260,2025-06-12 10:00:57,TSLA,702.99,744.0,sell,NASDAQ
tx_0007460,2025-06-12 10:01:09,NVDA,195.74,397.0,buy,NASDAQ
tx_0009883,2025-06-12 10:01:10,PYPL,247.88,564.0,buy,NASDAQ
tx_0007890,2025-06-12 10:01:19,NVDA,196.35,525.0,sell,NASDAQ
tx_0005103,2025-06-12 10:01:23,JNJ,170.49,964.0,sell,NYSE
tx_0006777,2025-06-12 10:01:26,DIS,182.2,638.0,sell,NYSE
tx_0007087,2025-06-12 10:01:27,PEP,150.54,619.0,sell,NYSE
tx_0004731,2025-06-12 10:01:30,PEP,149.32,512.0,buy,NYSE
tx_0006185,2025-06-12 10:01:31,FB,327.77,944.0,sell,NASDAQ
tx_0008880,2025-06-12 10:01:32,GOOGL,2728.74,405.0,sell,NASDAQ
tx_0002237,2025-06-12 10:01:35,TSLA,696.83,800.0,sell,NASDAQ
tx_0005215,2025-06-12 10:01:38,FB,322.02,605.0,sell,NASDAQ
tx_0002837,2025-06-12 10:01:41,PYPL,249.54,519.0,sell,NASDAQ
tx_0009996,2025-06-12 10:01:41,V,221.24,677.0,buy,NYSE
tx_0007608,2025-06-12 10:01:42,MA,338.17,633.0,buy,NYSE
tx_0001706,2025-06-12 10:01:45,AAPL,,367.0,sell,NASDAQ
tx_0005449,2025-06-12 10:01:49,WMT,136.27,836.0,sell,NYSE
tx_0008410,2025-06-12 10:01:50,KO,54.56,514.0,buy,NYSE
tx_0008080,2025-06-12 10:01:50,ADBE,,493.0,sell,NASDAQ
tx_0001848,2025-06-12 10:01:59,WMT,137.39,801.0,sell,NYSE
tx_0003097,2025-06-12 10:02:00,MCD,250.55,222.0,sell,NYSE
tx_0007404,2025-06-12 10:02:05,DIS,180.21,640.0,buy,NYSE
tx_0000777,2025-06-12 10:02:05,NVDA,197.09,280.0,buy,NASDAQ
tx_0006028,2025-06-12 10:02:08,TSLA,696.94,66.0,sell,NASDAQ
tx_0005288,2025-06-12 10:02:09,NFLX,492.19,755.0,sell,NASDAQ
tx_0007779,2025-06-12 10:02:09,TSLA,706.31,994.0,buy,NASDAQ
tx_0001937,2025-06-12 10:02:10,AMZN,3580.05,926.0,buy,NASDAQ
tx_0003928,2025-06-12 10:02:13,GOOGL,2729.44,216.0,sell,NASDAQ
tx_0002217,2025-06-12 10:02:13,PYPL,246.91,369.0,sell,NASDAQ
tx_0002707,2025-06-12 10:02:14,PYPL,246.27,886.0,buy,NASDAQ
tx_0008067,2025-06-12 10:02:20,AAPL,,918.0,buy,NASDAQ
tx_0000816,2025-06-12 10:02:23,WMT,138.55,957.0,sell,NYSE
tx_0007121,2025-06-12 10:02:27,MA,336.75,127.0,sell,NYSE
tx_0009226,2025-06-12 10:02:29,MSFT,306.71,897.0,buy,NASDAQ
tx_0005082,2025-06-12 10:02:32,KO,54.34,688.0,buy,NYSE
tx_0007006,2025-06-12 10:02:38,V,224.03,252.0,buy,NYSE
tx_0007456,2025-06-12 10:02:40,TSLA,698.13,725.0,sell,NASDAQ
tx_0003671,2025-06-12 10:02:41,V,221.9,985.0,buy,NYSE
tx_0006639,2025-06-12 10:02:42,AAPL,150.88,450.0,buy,NASDAQ
tx_0003940,2025-06-12 10:02:43,NVDA,200.03,690.0,sell,NASDAQ
tx_0000767,2025-06-12 10:02:44,PG,139.87,919.0,sell,NYSE
tx_0006109,2025-06-12 10:02:45,PEP,149.6,463.0,buy,NYSE
tx_0004789,2025-06-12 10:02:45,GOOGL,2771.68,914.0,sell,NASDAQ
tx_0002509,2025-06-12 10:02:46,MA,336.62,736.0,sell,NYSE
tx_0007414,2025-06-12 10:02:47,AMZN,3550.52,410.0,sell,NASDAQ
tx_0006074,2025-06-12 10:02:48,MSFT,302.52,592.0,sell,NASDAQ
tx_0005119,2025-06-12 10:02:49,GOOGL,2741.75,310.0,buy,NASDAQ
tx_0007029,2025-06-12 10:02:50,AAPL,150.82,855.0,sell,NASDAQ
tx_0002850,2025-06-12 10:02:52,PG,139.62,585.0,buy,NYSE
tx_0005097,2025-06-12 10:02:54,PYPL,246.74,477.0,sell,NASDAQ
tx_0000625,2025-06-12 10:02:54,MA,339.62,795.0,buy,NYSE
tx_0004189,2025-06-12 10:02:57,AMZN,3608.15,87.0,buy,NASDAQ
tx_0007487,2025-06-12 10:02:58,WMT,137.32,34.0,sell,NYSE
tx_0009655,2025-06-12 10:03:03,ADBE,608.84,154.0,buy,NASDAQ
tx_0004945,2025-06-12 10:03:05,ADBE,604.01,796.0,buy,NASDAQ
tx_0000829,2025-06-12 10:03:07,V,223.25,8.0,buy,NYSE
tx_0009776,2025-06-12 10:03:07,GOOGL,2756.88,740.0,buy,NASDAQ
tx_0008567,2025-06-12 10:03:12,FB,326.59,661.0,sell,NASDAQ
tx_0005274,2025-06-12 10:03:18,AAPL,151.58,975.0,sell,NASDAQ
tx_0007730,2025-06-12 10:03:22,AMZN,3554.54,389.0,sell,NASDAQ
tx_0004889,2025-06-12 10:03:25,V,222.1,516.0,buy,NYSE
tx_0001996,2025-06-12 10:03:27,BRK.B,274.89,484.0,sell,NYSE
tx_0002851,2025-06-12 10:03:30,BRK.B,273.59,741.0,buy,NYSE
tx_0000545,2025-06-12 10:03:42,AMZN,3572.71,65.0,buy,NASDAQ
tx_0004983,2025-06-12 10:03:43,KO,54.7,570.0,buy,NYSE
tx_0007145,2025-06-12 10:03:50,AAPL,,799.0,buy,NASDAQ
tx_0006190,2025-06-12 10:03:52,PG,138.63,137.0,buy,NYSE
tx_0005481,2025-06-12 10:03:53,JNJ,172.65,338.0,sell,NYSE
tx_0007951,2025-06-12 10:03:55,NFLX,490.46,469.0,buy,NASDAQ
tx_0000644,2025-06-12 10:04:00,MA,334.1,105.0,sell,NYSE
tx_0002414,2025-06-12 10:04:01,FB,325.34,286.0,sell,NASDAQ
tx_0008041,2025-06-12 10:04:02,BRK.B,270.84,638.0,buy,NYSE
tx_0003381,2025-06-12 10:04:13,AMZN,3587.38,192.0,sell,NASDAQ
tx_0000962,2025-06-12 10:04:18,AMZN,3534.7,983.0,sell,NASDAQ
tx_0006363,2025-06-12 10:04:20,MCD,251.5,54.0,buy,NYSE
tx_0000757,2025-06-12 10:04:21,PEP,151.14,16.0,sell,NYSE
tx_0008846,2025-06-12 10:04:22,MA,332.75,454.0,sell,NYSE
tx_0008542,2025-06-12 10:04:25,AAPL,150.71,35.0,buy,NASDAQ
tx_0004276,2025-06-12 10:04:27,PEP,151.71,623.0,sell,NYSE
tx_0005732,2025-06-12 10:04:27,GOOGL,2775.92,766.0,sell,NASDAQ
tx_0005942,2025-06-12 10:04:29,NVDA,201.02,206.0,buy,NASDAQ
tx_0004696,2025-06-12 10:04:30,BRK.B,272.0,182.0,sell,NYSE
tx_0002691,2025-06-12 10:04:32,NVDA,198.61,697.0,buy,NASDAQ
tx_0000929,2025-06-12 10:04:35,ADBE,603.03,36.0,buy,NASDAQ
tx_0005933,2025-06-12 10:04:37,JNJ,170.9,584.0,buy,NYSE
tx_0006317,2025-06-12 10:04:41,MCD,250.56,833.0,buy,NYSE
tx_0004017,2025-06-12 10:04:42,AAPL,153.04,731.0,buy,NASDAQ
tx_0001311,2025-06-12 10:04:46,ADBE,609.08,121.0,sell,NASDAQ
tx_0001282,2025-06-12 10:04:51,V,224.73,502.0,sell,NYSE
tx_0009599,2025-06-12 10:05:00,FB,323.8,810.0,sell,NASDAQ
tx_0005791,2025-06-12 10:05:03,PYPL,249.29,996.0,sell,NASDAQ
tx_0006817,2025-06-12 10:05:05,PYPL,251.33,622.0,buy,NASDAQ
tx_0003795,2025-06-12 10:05:07,NFLX,496.74,26.0,sell,NASDAQ
tx_0006214,2025-06-12 10:05:08,TSLA,697.78,878.0,sell,NASDAQ
tx_0000385,2025-06-12 10:05:09,GOOGL,2771.12,,buy,NASDAQ
tx_0007067,2025-06-12 10:05:09,FB,322.67,791.0,sell,NASDAQ
tx_0005801,2025-06-12 10:05:09,TSLA,699.54,858.0,buy,NASDAQ
tx_0002294,2025-06-12 10:05:09,AMZN,3567.91,44.0,buy,NASDAQ
tx_0008869,2025-06-12 10:05:11,DIS,181.89,891.0,sell,NYSE
tx_0004528,2025-06-12 10:05:11,BRK.B,270.08,416.0,sell,NYSE
tx_0003602,2025-06-12 10:05:12,KO,53.89,768.0,buy,NYSE
tx_0000607,2025-06-12 10:05:12,ADBE,608.51,59.0,sell,NASDAQ
tx_0004802,2025-06-12 10:05:13,FB,319.77,456.0,buy,NASDAQ
tx_0005542,2025-06-12 10:05:14,JNJ,172.57,203.0,sell,NYSE
tx_0009292,2025-06-12 10:05:14,ADBE,613.5,942.0,sell,NASDAQ
tx_0001184,2025-06-12 10:05:14,TSLA,698.37,252.0,sell,NASDAQ
tx_0005548,2025-06-12 10:05:16,JNJ,171.04,33.0,sell,NYSE
tx_0003153,2025-06-12 10:05:16,GOOGL,2750.66,797.0,sell,NASDAQ
tx_0006051,2025-06-12 10:05:17,NFLX,498.65,907.0,buy,NASDAQ
tx_0003657,2025-06-12 10:05:18,NFLX,494.93,238.0,buy,NASDAQ
tx_0008272,2025-06-12 10:05:19,FB,318.93,840.0,sell,NASDAQ
tx_0002856,2025-06-12 10:05:21,TSLA,705.53,159.0,sell,NASDAQ
tx_0006017,2025-06-12 10:05:24,PEP,149.63,174.0,sell,
tx_0007632,2025-06-12 10:05:26,ADBE,604.19,889.0,buy,NASDAQ
tx_0006168,2025-06-12 10:05:29,NFLX,497.43,76.0,buy,NASDAQ
tx_0000944,2025-06-12 10:05:36,NVDA,201.34,940.0,buy,NASDAQ
tx_0002818,2025-06-12 10:05:37,PEP,149.07,281.0,sell,NYSE
tx_0000720,2025-06-12 10:05:39,ADBE,613.33,634.0,sell,NASDAQ
tx_0000255,2025-06-12 10:05:39,NVDA,,45.0,sell,NASDAQ
tx_0001812,2025-06-12 10:05:50,ADBE,604.7,538.0,buy,NASDAQ
tx_0008031,2025-06-12 10:05:51,NFLX,490.68,906.0,buy,NASDAQ
tx_0002431,2025-06-12 10:05:51,PG,140.09,288.0,sell,NYSE
tx_0009732,2025-06-12 10:05:53,ADBE,614.0,734.0,sell,NASDAQ
tx_0001023,2025-06-12 10:05:56,NFLX,492.58,725.0,buy,NASDAQ
tx_0005790,2025-06-12 10:05:56,KO,54.9,40.0,buy,NYSE
tx_0001271,2025-06-12 10:05:59,V,222.66,365.0,buy,NYSE
tx_0001843,2025-06-12 10:06:03,MCD,247.68,40.0,buy,NYSE
tx_0003665,2025-06-12 10:06:03,JNJ,171.04,761.0,buy,NYSE
tx_0002982,2025-06-12 10:06:05,ADBE,608.29,715.0,sell,NASDAQ
tx_0002239,2025-06-12 10:06:09,V,224.71,382.0,sell,NYSE
tx_0008215,2025-06-12 10:06:09,MCD,248.69,68.0,sell,NYSE
tx_0000266,2025-06-12 10:06:14,FB,322.52,732.0,sell,NASDAQ
tx_0003949,2025-06-12 10:06:17,NFLX,498.75,132.0,sell,NASDAQ
tx_0004697,2025-06-12 10:06:20,WMT,137.84,204.0,sell,NYSE
tx_0001839,2025-06-12 10:06:26,DIS,180.44,680.0,buy,NYSE
tx_0007541,2025-06-12 10:06:28,GOOGL,2722.81,535.0,sell,NASDAQ
tx_0000662,2025-06-12 10:06:29,AAPL,152.37,240.0,sell,NASDAQ
tx_0001568,2025-06-12 10:06:30,PEP,148.55,142.0,buy,NYSE
tx_0006378,2025-06-12 10:06:31,ADBE,612.59,369.0,sell,NASDAQ
tx_0009308,2025-06-12 10:06:32,MSFT,305.39,238.0,buy,NASDAQ
tx_0009027,2025-06-12 10:06:40,KO,54.38,364.0,sell,NYSE
tx_0009762,2025-06-12 10:06:43,PEP,149.78,93.0,buy,NYSE
tx_0006385,2025-06-12 10:06:44,BRK.B,269.57,550.0,sell,NYSE
tx_0005036,2025-06-12 10:06:44,AAPL,152.25,486.0,buy,NASDAQ
tx_0006824,2025-06-12 10:06:50,NFLX,494.15,619.0,buy,NASDAQ
tx_0008775,2025-06-12 10:06:53,WMT,138.62,790.0,sell,NYSE
tx_0007267,2025-06-12 10:06:54,PG,137.95,480.0,sell,NYSE
tx_0005398,2025-06-12 10:06:59,V,227.75,533.0,sell,NYSE
tx_0009949,2025-06-12 10:07:08,GOOGL,2734.83,878.0,sell,NASDAQ
tx_0004185,2025-06-12 10:07:12,FB,325.69,616.0,sell,NASDAQ
tx_0005068,2025-06-12 10:07:16,NFLX,501.72,498.0,buy,NASDAQ
tx_0000215,2025-06-12 10:07:16,WMT,138.53,281.0,buy,NYSE
tx_0003898,2025-06-12 10:07:26,NVDA,199.85,136.0,buy,NASDAQ
tx_0002969,2025-06-12 10:07:29,PEP,148.44,26.0,sell,NYSE
tx_0008552,2025-06-12 10:07:30,KO,54.43,858.0,sell,NYSE
tx_0001534,2025-06-12 10:07:31,PG,139.82,32.0,sell,NYSE
tx_0004162,2025-06-12 10:07:34,PG,139.62,649.0,sell,NYSE
tx_0003001,2025-06-12 10:07:35,V,226.4,724.0,buy,NYSE
tx_0003610,2025-06-12 10:07:37,FB,321.26,786.0,buy,NASDAQ
tx_0003077,2025-06-12 10:07:38,V,226.36,,sell,NYSE
tx_0003038,2025-06-12 10:07:39,PG,139.22,968.0,sell,NYSE
tx_0003483,2025-06-12 10:07:40,NFLX,494.72,81.0,sell,NASDAQ
tx_0006791,2025-06-12 10:07:47,MA,339.8,787.0,sell,NYSE
tx_0000877,2025-06-12 10:07:47,JNJ,170.13,440.0,sell,NYSE
tx_0004806,2025-06-12 10:07:50,MA,339.1,38.0,buy,NYSE
tx_0009795,2025-06-12 10:07:53,GOOGL,2754.85,332.0,sell,NASDAQ
tx_0008745,2025-06-12 10:07:53,NFLX,495.61,82.0,buy,NASDAQ
tx_0004198,2025-06-12 10:08:00,DIS,179.85,254.0,sell,NYSE
tx_0001219,2025-06-12 10:08:01,TSLA,690.69,128.0,buy,NASDAQ
tx_0000557,2025-06-12 10:08:03,DIS,180.36,165.0,buy,NYSE
tx_0002371,2025-06-12 10:08:04,PEP,149.82,438.0,buy,NYSE
tx_0009578,2025-06-12 10:08:06,MA,340.65,710.0,buy,NYSE
tx_0000787,2025-06-12 10:08:11,PG,140.17,20.0,buy,NYSE
tx_0002118,2025-06-12 10:08:11,DIS,182.18,761.0,sell,NYSE
tx_0003336,2025-06-12 10:08:18,AMZN,3570.5,589.0,buy,NASDAQ
tx_0005808,2025-06-12 10:08:18,JNJ,170.5,251.0,sell,NYSE
tx_0007472,2025-06-12 10:08:22,NVDA,199.93,27.0,,NASDAQ
tx_0006332,2025-06-12 10:08:22,MCD,246.27,954.0,sell,NYSE
tx_0000700,2025-06-12 10:08:22,PG,138.73,766.0,sell,NYSE
tx_0007842,2025-06-12 10:08:26,PG,139.96,636.0,sell,NYSE
tx_0006896,2025-06-12 10:08:26,GOOGL,2780.54,891.0,sell,NASDAQ
tx_0001975,2025-06-12 10:08:28,PYPL,250.43,52.0,sell,NASDAQ
tx_0002386,2025-06-12 10:08:31,KO,54.88,548.0,buy,NYSE
tx_0003094,2025-06-12 10:08:32,MA,341.34,640.0,sell,NYSE
tx_0001422,2025-06-12 10:08:39,MCD,248.75,559.0,sell,NYSE
tx_0007190,2025-06-12 10:08:39,NVDA,200.69,22.0,buy,NASDAQ
tx_0007735,2025-06-12 10:08:42,FB,323.7,953.0,buy,NASDAQ
tx_0009999,2025-06-12 10:08:43,WMT,139.37,569.0,sell,NYSE
tx_0007104,2025-06-12 10:08:43,AMZN,3574.01,128.0,buy,NASDAQ
tx_0007984,2025-06-12 10:08:43,AMZN,3558.73,411.0,buy,NASDAQ
tx_0009664,2025-06-12 10:08:44,BRK.B,268.78,200.0,sell,NYSE
tx_0007434,2025-06-12 10:08:44,TSLA,691.67,375.0,sell,NASDAQ
tx_0005279,2025-06-12 10:08:48,KO,55.01,560.0,sell,NYSE
tx_0003847,2025-06-12 10:08:48,NVDA,200.9,961.0,sell,NASDAQ
tx_0003511,2025-06-12 10:08:53,FB,317.96,883.0,buy,NASDAQ
tx_0008073,2025-06-12 10:08:57,FB,319.57,766.0,buy,NASDAQ
tx_0005468,2025-06-12 10:09:03,GOOGL,2765.72,963.0,sell,NASDAQ
tx_0005478,2025-06-12 10:09:04,FB,318.32,363.0,sell,NASDAQ
tx_0005597,2025-06-12 10:09:05,AMZN,3610.69,185.0,buy,NASDAQ
tx_0003502,2025-06-12 10:09:07,MSFT,299.6,104.0,buy,NASDAQ
tx_0001890,2025-06-12 10:09:11,JNJ,171.36,415.0,sell,NYSE
tx_0006588,2025-06-12 10:09:11,JNJ,170.37,954.0,sell,NYSE
tx_0007528,2025-06-12 10:09:13,MSFT,300.84,319.0,buy,NASDAQ
tx_0007834,2025-06-12 10:09:13,PYPL,250.21,703.0,sell,NASDAQ
tx_0000181,2025-06-12 10:09:17,MSFT,302.5,843.0,buy,NASDAQ
tx_0004876,2025-06-12 10:09:20,DIS,183.02,818.0,sell,NYSE
tx_0007940,2025-06-12 10:09:21,PG,140.48,812.0,buy,NYSE
tx_0000391,2025-06-12 10:09:28,NVDA,201.42,728.0,sell,NASDAQ
tx_0002410,2025-06-12 10:09:31,FB,321.58,637.0,buy,NASDAQ
tx_0009234,2025-06-12 10:09:33,KO,54.38,651.0,sell,NYSE
tx_0002770,2025-06-12 10:09:37,TSLA,683.59,62.0,sell,NASDAQ
tx_0005003,2025-06-12 10:09:37,FB,321.63,722.0,buy,NASDAQ
tx_0007306,2025-06-12 10:09:41,WMT,138.35,191.0,sell,NYSE
tx_0003651,2025-06-12 10:09:42,PG,139.23,905.0,buy,NYSE
tx_0000916,2025-06-12 10:09:52,GOOGL,2817.56,541.0,buy,NASDAQ
tx_0009810,2025-06-12 10:09:52,PG,140.08,491.0,sell,NYSE
tx_0007806,2025-06-12 10:09:52,MCD,246.18,163.0,buy,NYSE
tx_0006452,2025-06-12 10:09:54,PEP,150.45,742.0,buy,NYSE
tx_0001260,2025-06-12 10:09:55,AMZN,3600.68,260.0,buy,NASDAQ
tx_0007658,2025-06-12 10:09:56,NVDA,202.89,252.0,buy,NASDAQ
tx_0005352,2025-06-12 10:09:57,PEP,149.81,251.0,buy,NYSE
tx_0008294,2025-06-12 10:09:58,MA,343.87,322.0,sell,NYSE
tx_0002076,2025-06-12 10:09:58,BRK.B,270.1,203.0,sell,NYSE
tx_0003047,2025-06-12 10:09:59,GOOGL,2815.26,963.0,buy,
tx_0000337,2025-06-12 10:10:04,FB,320.31,799.0,sell,NASDAQ
tx_0006337,2025-06-12 10:10:10,TSLA,686.0,130.0,sell,
tx_0004691,2025-06-12 10:10:10,TSLA,696.41,806.0,sell,NASDAQ
tx_0002888,2025-06-12 10:10:11,MA,339.93,87.0,sell,NYSE
tx_0008602,2025-06-12 10:10:14,MA,341.83,827.0,buy,NYSE
tx_0001308,2025-06-12 10:10:24,BRK.B,,947.0,sell,NYSE
tx_0008836,2025-06-12 10:10:24,MCD,244.3,818.0,sell,NYSE
tx_0004031,2025-06-12 10:10:29,MA,,215.0,buy,NYSE
tx_0008786,2025-06-12 10:10:31,NVDA,201.49,83.0,sell,NASDAQ
tx_0003186,2025-06-12 10:10:32,AMZN,3584.82,467.0,sell,NASDAQ
tx_0006118,2025-06-12 10:10:34,MSFT,300.08,195.0,sell,NASDAQ
tx_0008802,2025-06-12 10:10:37,MA,341.11,427.0,sell,NYSE
tx_0006827,2025-06-12 10:10:46,FB,320.63,26.0,buy,NASDAQ
tx_0005619,2025-06-12 10:10:48,GOOGL,2816.53,71.0,buy,NASDAQ
tx_0006828,2025-06-12 10:10:52,ADBE,609.11,40.0,buy,NASDAQ
tx_0009725,2025-06-12 10:10:58,TSLA,692.07,634.0,sell,NASDAQ
tx_0000036,2025-06-12 10:10:59,PEP,149.81,364.0,sell,NYSE
tx_0001705,2025-06-12 10:11:02,BRK.B,268.76,316.0,buy,NYSE
tx_0006647,2025-06-12 10:11:02,PEP,149.85,559.0,buy,NYSE
tx_0003845,2025-06-12 10:11:03,WMT,137.78,768.0,sell,NYSE
tx_0006066,2025-06-12 10:11:05,PEP,149.24,86.0,buy,NYSE
tx_0007650,2025-06-12 10:11:06,V,223.83,943.0,buy,NYSE
tx_0003011,2025-06-12 10:11:07,MCD,246.31,363.0,sell,NYSE
tx_0003277,2025-06-12 10:11:27,PYPL,250.25,396.0,sell,NASDAQ
tx_0000943,2025-06-12 10:11:27,PYPL,251.51,173.0,sell,NASDAQ
tx_0009532,2025-06-12 10:11:31,GOOGL,2798.2,4.0,buy,NASDAQ
tx_0002281,2025-06-12 10:11:31,NFLX,495.5,,sell,NASDAQ
tx_0000823,2025-06-12 10:11:35,NVDA,197.75,2.0,buy,NASDAQ
tx_0008126,2025-06-12 10:11:37,JNJ,172.72,18.0,buy,NYSE
tx_0000928,2025-06-12 10:11:37,NFLX,490.75,540.0,buy,NASDAQ
tx_0002763,2025-06-12 10:11:42,KO,54.36,980.0,buy,NYSE
tx_0009238,2025-06-12 10:11:44,BRK.B,267.67,694.0,buy,NYSE
tx_0004952,2025-06-12 10:11:49,PEP,148.53,267.0,buy,NYSE
tx_0009696,2025-06-12 10:11:49,DIS,182.47,985.0,buy,NYSE
tx_0001962,2025-06-12 10:11:51,PG,141.0,221.0,sell,NYSE
tx_0001985,2025-06-12 10:11:56,AMZN,3640.4,39.0,buy,NASDAQ
tx_0004854,2025-06-12 10:12:03,NVDA,198.19,843.0,buy,NASDAQ
tx_0008653,2025-06-12 10:12:07,FB,322.6,937.0,buy,NASDAQ
tx_0003863,2025-06-12 10:12:10,NFLX,495.36,917.0,buy,NASDAQ
tx_0002309,2025-06-12 10:12:14,AAPL,154.02,605.0,sell,NASDAQ
tx_0006562,2025-06-12 10:12:18,PG,138.86,309.0,sell,NYSE
tx_0002177,2025-06-12 10:12:19,GOOGL,2795.64,778.0,sell,NASDAQ
tx_0001090,2025-06-12 10:12:22,AAPL,153.78,339.0,buy,NASDAQ
tx_0007616,2025-06-12 10:12:24,TSLA,691.81,907.0,buy,NASDAQ
tx_0006989,2025-06-12 10:12:26,DIS,182.43,199.0,sell,NYSE
tx_0003237,2025-06-12 10:12:29,FB,323.54,486.0,sell,NASDAQ
tx_0004637,2025-06-12 10:12:30,PEP,149.91,42.0,buy,NYSE
tx_0004591,2025-06-12 10:12:32,PEP,150.32,169.0,sell,NYSE
tx_0003943,2025-06-12 10:12:36,AMZN,3620.56,202.0,sell,NASDAQ
tx_0007736,2025-06-12 10:12:39,NVDA,199.57,761.0,sell,NASDAQ
tx_0000393,2025-06-12 10:12:39,FB,320.77,506.0,sell,NASDAQ
tx_0002641,2025-06-12 10:12:44,MSFT,300.27,767.0,sell,NASDAQ
tx_0004300,2025-06-12 10:12:48,PG,138.74,125.0,sell,NYSE
tx_0001006,2025-06-12 10:12:54,V,222.94,850.0,sell,NYSE
tx_0004003,2025-06-12 10:12:55,PG,139.22,129.0,buy,NYSE
tx_0002613,2025-06-12 10:12:56,MA,338.08,39.0,buy,NYSE
tx_0001012,2025-06-12 10:13:00,MCD,250.02,175.0,buy,NYSE
tx_0003009,2025-06-12 10:13:05,PG,139.45,420.0,buy,NYSE
tx_0004989,2025-06-12 10:13:06,GOOGL,2791.56,223.0,sell,NASDAQ
tx_0002703,2025-06-12 10:13:09,KO,55.58,255.0,sell,NYSE
tx_0005438,2025-06-12 10:13:14,MA,343.89,51.0,sell,NYSE
tx_0001046,2025-06-12 10:13:17,JNJ,172.16,358.0,sell,NYSE
tx_0001837,2025-06-12 10:13:20,FB,320.52,181.0,sell,NASDAQ
tx_0009544,2025-06-12 10:13:21,V,226.34,211.0,buy,NYSE
tx_0009479,2025-06-12 10:13:22,V,226.35,739.0,buy,NYSE
tx_0004175,2025-06-12 10:13:23,MA,341.77,671.0,buy,NYSE
tx_0009111,2025-06-12 10:13:27,PEP,150.25,621.0,sell,NYSE
tx_0004085,2025-06-12 10:13:28,GOOGL,2817.98,25.0,sell,NASDAQ
tx_0006094,2025-06-12 10:13:29,PYPL,252.15,466.0,sell,NASDAQ
tx_0003781,2025-06-12 10:13:43,MCD,250.2,91.0,sell,NYSE
tx_0003574,2025-06-12 10:13:49,MCD,249.44,564.0,buy,NYSE
tx_0002566,2025-06-12 10:13:51,MSFT,296.62,670.0,sell,NASDAQ
tx_0003952,2025-06-12 10:13:56,TSLA,694.03,673.0,buy,NASDAQ
tx_0002285,2025-06-12 10:14:00,MA,341.87,210.0,buy,NYSE
tx_0004784,2025-06-12 10:14:01,GOOGL,2807.69,341.0,buy,NASDAQ
tx_0009182,2025-06-12 10:14:02,JNJ,172.97,267.0,buy,NYSE
tx_0007141,2025-06-12 10:14:06,TSLA,699.7,931.0,sell,NASDAQ
tx_0002683,2025-06-12 10:14:08,GOOGL,2805.08,75.0,buy,NASDAQ
tx_0007518,2025-06-12 10:14:09,AMZN,3606.56,,sell,NASDAQ
tx_0003138,2025-06-12 10:14:09,WMT,138.39,391.0,buy,NYSE
tx_0008533,2025-06-12 10:14:09,FB,321.48,233.0,buy,NASDAQ
tx_0008615,2025-06-12 10:14:10,GOOGL,2821.16,749.0,buy,NASDAQ
tx_0008467,2025-06-12 10:14:12,WMT,137.91,393.0,buy,NYSE
tx_0005047,2025-06-12 10:14:12,V,223.21,538.0,buy,NYSE
tx_0004999,2025-06-12 10:14:15,JNJ,172.51,808.0,buy,NYSE
tx_0006782,2025-06-12 10:14:15,PYPL,249.94,275.0,sell,NASDAQ
tx_0007222,2025-06-12 10:14:19,PYPL,252.98,499.0,sell,NASDAQ
tx_0001418,2025-06-12 10:14:23,PEP,149.1,210.0,buy,NYSE
tx_0008150,2025-06-12 10:14:23,WMT,139.81,928.0,sell,NYSE
tx_0001060,2025-06-12 10:14:23,DIS,183.55,620.0,buy,NYSE
tx_0000038,2025-06-12 10:14:29,PEP,149.65,697.0,buy,NYSE
tx_0009595,2025-06-12 10:14:30,PG,140.21,495.0,buy,NYSE
tx_0006352,2025-06-12 10:14:31,AMZN,3585.64,108.0,buy,NASDAQ
tx_0009572,2025-06-12 10:14:31,PG,138.56,306.0,buy,NYSE
tx_0002809,2025-06-12 10:14:34,MA,342.12,678.0,buy,NYSE
tx_0000394,2025-06-12 10:14:35,MA,343.5,948.0,buy,NYSE
tx_0007048,2025-06-12 10:14:46,MSFT,298.92,553.0,sell,NASDAQ
tx_0006418,2025-06-12 10:14:53,AAPL,155.09,841.0,sell,NASDAQ
tx_0005389,2025-06-12 10:14:59,NVDA,200.29,981.0,buy,NASDAQ
tx_0008506,2025-06-12 10:14:59,KO,55.05,829.0,sell,NYSE
tx_0003250,2025-06-12 10:15:00,TSLA,697.88,91.0,buy,NASDAQ
tx_0008987,2025-06-12 10:15:01,KO,54.86,526.0,sell,NYSE
tx_0008965,2025-06-12 10:15:04,AAPL,154.44,850.0,sell,NASDAQ
tx_0000477,2025-06-12 10:15:06,NVDA,199.69,160.0,buy,NASDAQ
tx_0009096,2025-06-12 10:15:08,GOOGL,2799.82,448.0,buy,NASDAQ
tx_0000039,2025-06-12 10:15:09,NVDA,199.61,654.0,sell,NASDAQ
tx_0005999,2025-06-12 10:15:11,V,,60.0,buy,NYSE
tx_0004048,2025-06-12 10:15:11,MA,338.15,820.0,buy,NYSE
tx_0004327,2025-06-12 10:15:13,MSFT,297.49,337.0,sell,NASDAQ
tx_0003992,2025-06-12 10:15:15,ADBE,605.51,331.0,buy,NASDAQ
tx_0005149,2025-06-12 10:15:27,MA,342.92,928.0,sell,NYSE
tx_0004927,2025-06-12 10:15:30,MSFT,299.58,127.0,buy,NASDAQ
tx_0005241,2025-06-12 10:15:30,NFLX,495.87,711.0,buy,NASDAQ
tx_0000487,2025-06-12 10:15:34,NFLX,496.67,177.0,buy,NASDAQ
tx_0004105,2025-06-12 10:15:34,TSLA,697.33,893.0,sell,NASDAQ
tx_0003354,2025-06-12 10:15:40,ADBE,610.03,291.0,buy,NASDAQ
tx_0006536,2025-06-12 10:15:49,MSFT,298.71,686.0,buy,NASDAQ
tx_0008641,2025-06-12 10:15:50,JNJ,171.14,886.0,buy,NYSE
tx_0003922,2025-06-12 10:15:53,PEP,149.19,739.0,buy,NYSE
tx_0006487,2025-06-12 10:15:54,BRK.B,268.28,752.0,buy,NYSE
tx_0008455,2025-06-12 10:15:55,V,223.96,676.0,buy,NYSE
tx_0006856,2025-06-12 10:15:59,KO,55.33,253.0,buy,NYSE
tx_0008146,2025-06-12 10:16:00,PEP,149.11,194.0,buy,NYSE
tx_0002120,2025-06-12 10:16:01,FB,319.79,999.0,sell,NASDAQ
tx_0004341,2025-06-12 10:16:01,NVDA,201.54,79.0,buy,NASDAQ
tx_0003859,2025-06-12 10:16:01,AAPL,153.41,996.0,buy,NASDAQ
tx_0008168,2025-06-12 10:16:01,BRK.B,269.48,374.0,buy,NYSE
tx_0007030,2025-06-12 10:16:02,ADBE,606.61,410.0,buy,NASDAQ
tx_0009573,2025-06-12 10:16:04,TSLA,700.49,174.0,,NASDAQ
tx_0002715,2025-06-12 10:16:12,DIS,183.68,742.0,sell,NYSE
tx_0008735,2025-06-12 10:16:12,GOOGL,2827.45,856.0,sell,NASDAQ
tx_0002544,2025-06-12 10:16:12,FB,321.24,353.0,buy,NASDAQ
tx_0004278,2025-06-12 10:16:13,MA,343.43,196.0,buy,NYSE
tx_0004603,2025-06-12 10:16:14,DIS,186.09,92.0,buy,NYSE
tx_0001398,2025-06-12 10:16:16,NFLX,496.58,584.0,buy,NASDAQ
tx_0006544,2025-06-12 10:16:16,NVDA,198.79,28.0,buy,NASDAQ
tx_0002450,2025-06-12 10:16:18,KO,55.49,827.0,sell,NYSE
tx_0006026,2025-06-12 10:16:24,MA,340.91,598.0,buy,NYSE
tx_0009605,2025-06-12 10:16:25,GOOGL,2803.98,162.0,sell,NASDAQ
tx_0002991,2025-06-12 10:16:26,AMZN,3620.51,800.0,sell,NASDAQ
tx_0001879,2025-06-12 10:16:31,KO,55.0,535.0,sell,NYSE
tx_0002427,2025-06-12 10:16:33,NFLX,494.71,580.0,buy,NASDAQ
tx_0009931,2025-06-12 10:16:37,NFLX,498.2,475.0,sell,NASDAQ
tx_0007151,2025-06-12 10:16:38,PYPL,250.32,947.0,sell,NASDAQ
tx_0000490,2025-06-12 10:16:40,MSFT,296.53,919.0,buy,NASDAQ
tx_0008386,2025-06-12 10:16:41,NVDA,201.06,785.0,sell,NASDAQ
tx_0006651,2025-06-12 10:16:47,KO,54.59,610.0,buy,NYSE
tx_0009483,2025-06-12 10:16:48,PYPL,251.22,729.0,sell,NASDAQ
tx_0004660,2025-06-12 10:16:51,NFLX,497.98,283.0,buy,NASDAQ
tx_0001986,2025-06-12 10:16:52,MA,344.74,319.0,sell,NYSE
tx_0002219,2025-06-12 10:16:52,FB,324.5,597.0,sell,NASDAQ
tx_0001544,2025-06-12 10:16:54,MCD,247.32,711.0,sell,NYSE
tx_0004434,2025-06-12 10:16:57,PG,140.22,542.0,buy,NYSE
tx_0007406,2025-06-12 10:17:04,KO,54.96,204.0,sell,NYSE
tx_0000026,2025-06-12 10:17:08,PYPL,250.24,257.0,sell,NASDAQ
tx_0005304,2025-06-12 10:17:13,ADBE,608.24,499.0,buy,NASDAQ
tx_0006591,2025-06-12 10:17:15,NFLX,493.59,884.0,sell,NASDAQ
tx_0000171,2025-06-12 10:17:16,NFLX,497.86,155.0,buy,NASDAQ
tx_0003726,2025-06-12 10:17:17,MCD,247.94,89.0,sell,NYSE
tx_0003455,2025-06-12 10:17:18,GOOGL,2808.75,956.0,buy,NASDAQ
tx_0007664,2025-06-12 10:17:19,KO,55.32,169.0,buy,NYSE
tx_0001741,2025-06-12 10:17:23,FB,320.91,205.0,sell,NASDAQ
tx_0005240,2025-06-12 10:17:27,MSFT,300.5,189.0,sell,NASDAQ
tx_0000021,2025-06-12 10:17:29,WMT,137.83,861.0,sell,NYSE
tx_0009469,2025-06-12 10:17:31,DIS,182.88,916.0,buy,NYSE
tx_0001719,2025-06-12 10:17:31,TSLA,687.32,277.0,sell,NASDAQ
tx_0003244,2025-06-12 10:17:33,PG,138.76,468.0,sell,NYSE
tx_0001842,2025-06-12 10:17:33,DIS,184.6,41.0,sell,NYSE
tx_0008261,2025-06-12 10:17:33,NVDA,201.11,955.0,sell,NASDAQ
tx_0001019,2025-06-12 10:17:34,AAPL,154.63,980.0,buy,NASDAQ
tx_0003264,2025-06-12 10:17:34,V,222.49,439.0,sell,NYSE
tx_0005051,2025-06-12 10:17:35,NFLX,489.09,815.0,sell,NASDAQ
tx_0004762,2025-06-12 10:17:37,KO,55.15,414.0,sell,NYSE
tx_0008973,2025-06-12 10:17:46,NFLX,496.7,797.0,buy,NASDAQ
tx_0004133,2025-06-12 10:17:55,GOOGL,2791.84,579.0,buy,NASDAQ
tx_0002010,2025-06-12 10:18:05,TSLA,691.83,362.0,sell,NASDAQ
tx_0004653,2025-06-12 10:18:15,NVDA,198.65,585.0,sell,NASDAQ
tx_0008354,2025-06-12 10:18:17,NVDA,200.57,791.0,sell,NASDAQ
tx_0008593,2025-06-12 10:18:19,GOOGL,2765.78,317.0,buy,NASDAQ
tx_0006938,2025-06-12 10:18:23,KO,55.39,819.0,sell,NYSE
tx_0000796,2025-06-12 10:18:26,ADBE,611.5,239.0,sell,NASDAQ
tx_0004016,2025-06-12 10:18:32,NVDA,198.24,346.0,sell,NASDAQ
tx_0005144,2025-06-12 10:18:32,FB,320.48,87.0,buy,NASDAQ
tx_0006384,2025-06-12 10:18:33,TSLA,693.63,726.0,sell,NASDAQ
tx_0001427,2025-06-12 10:18:33,PYPL,250.93,520.0,sell,NASDAQ
tx_0008935,2025-06-12 10:18:36,MA,342.4,994.0,buy,NYSE
tx_0000140,2025-06-12 10:18:38,MCD,247.21,516.0,buy,NYSE
tx_0002550,2025-06-12 10:18:38,PG,140.1,872.0,buy,NYSE
tx_0007732,2025-06-12 10:18:40,PEP,149.85,307.0,sell,NYSE
tx_0003702,2025-06-12 10:18:41,NVDA,202.17,975.0,sell,NASDAQ
tx_0007377,2025-06-12 10:18:42,BRK.B,266.59,424.0,buy,NYSE
tx_0001891,2025-06-12 10:18:43,MSFT,298.4,376.0,buy,NASDAQ
tx_0003148,2025-06-12 10:18:44,ADBE,607.69,750.0,sell,NASDAQ
tx_0004544,2025-06-12 10:18:44,MA,335.9,380.0,sell,NYSE
tx_0006084,2025-06-12 10:18:45,JNJ,171.09,664.0,buy,NYSE
tx_0008874,2025-06-12 10:18:46,V,224.61,480.0,buy,NYSE
tx_0009447,2025-06-12 10:18:46,JNJ,172.42,761.0,buy,NYSE
tx_0001690,2025-06-12 10:18:48,TSLA,696.0,418.0,buy,NASDAQ
tx_0005953,2025-06-12 10:18:51,BRK.B,263.4,272.0,buy,NYSE
tx_0006376,2025-06-12 10:18:53,KO,54.51,3.0,sell,NYSE
tx_0007051,2025-06-12 10:18:56,JNJ,170.23,556.0,sell,NYSE
tx_0000702,2025-06-12 10:18:58,NVDA,198.91,470.0,buy,NASDAQ
tx_0002198,2025-06-12 10:19:08,FB,318.99,128.0,sell,NASDAQ
tx_0003095,2025-06-12 10:19:11,BRK.B,265.11,30.0,buy,NYSE
tx_0005206,2025-06-12 10:19:13,V,222.97,374.0,sell,NYSE
tx_0007797,2025-06-12 10:19:13,AAPL,155.11,356.0,buy,NASDAQ
tx_0006579,2025-06-12 10:19:15,ADBE,605.95,217.0,buy,
tx_0001263,2025-06-12 10:19:17,PYPL,249.6,643.0,buy,NASDAQ
tx_0006397,2025-06-12 10:19:17,PG,138.65,53.0,buy,NYSE
tx_0008515,2025-06-12 10:19:19,AAPL,155.96,323.0,buy,NASDAQ
tx_0006220,2025-06-12 10:19:20,BRK.B,267.85,601.0,sell,NYSE
tx_0003324,2025-06-12 10:19:21,PYPL,250.6,430.0,buy,NASDAQ
tx_0002967,2025-06-12 10:19:22,MSFT,301.1,447.0,sell,NASDAQ
tx_0006530,2025-06-12 10:19:25,AAPL,155.5,751.0,buy,NASDAQ
tx_0005152,2025-06-12 10:19:27,DIS,183.56,939.0,buy,NYSE
tx_0004729,2025-06-12 10:19:28,GOOGL,2744.86,930.0,buy,NASDAQ
tx_0003966,2025-06-12 10:19:28,V,221.56,199.0,sell,NYSE
tx_0004428,2025-06-12 10:19:33,NFLX,486.33,21.0,sell,NASDAQ
tx_0004100,2025-06-12 10:19:33,FB,321.33,599.0,buy,NASDAQ
tx_0001525,2025-06-12 10:19:37,WMT,137.54,212.0,buy,NYSE
tx_0008106,2025-06-12 10:19:37,AMZN,3627.24,447.0,sell,NASDAQ
tx_0002712,2025-06-12 10:19:42,PEP,148.53,577.0,sell,NYSE
tx_0005534,2025-06-12 10:19:46,V,224.82,563.0,buy,NYSE
tx_0007915,2025-06-12 10:19:46,ADBE,598.56,378.0,sell,NASDAQ
tx_0005772,2025-06-12 10:19:51,KO,54.27,880.0,buy,NYSE
tx_0000308,2025-06-12 10:19:52,NVDA,201.75,935.0,sell,NASDAQ
tx_0006510,2025-06-12 10:19:54,FB,321.35,149.0,sell,NASDAQ
tx_0003684,2025-06-12 10:19:54,PG,140.63,660.0,buy,NYSE
tx_0009339,2025-06-12 10:19:55,PG,139.64,14.0,buy,NYSE
tx_0000277,2025-06-12 10:19:56,NVDA,200.85,183.0,buy,NASDAQ
tx_0005243,2025-06-12 10:20:01,GOOGL,2787.74,169.0,sell,NASDAQ
tx_0008296,2025-06-12 10:20:02,BRK.B,263.81,438.0,buy,NYSE
tx_0003540,2025-06-12 10:20:03,NFLX,491.35,806.0,buy,NASDAQ
tx_0003291,2025-06-12 10:20:05,PEP,148.65,221.0,buy,NYSE
tx_0008732,2025-06-12 10:20:10,WMT,139.48,402.0,buy,NYSE
tx_0005788,2025-06-12 10:20:12,MA,339.47,727.0,sell,NYSE
tx_0005094,2025-06-12 10:20:13,PG,138.13,893.0,buy,NYSE
tx_0001203,2025-06-12 10:20:14,AMZN,3577.27,838.0,sell,NASDAQ
tx_0005179,2025-06-12 10:20:21,NFLX,487.8,306.0,sell,NASDAQ
tx_0009260,2025-06-12 10:20:21,TSLA,694.23,207.0,buy,NASDAQ
tx_0009505,2025-06-12 10:20:22,MCD,244.18,806.0,sell,NYSE
tx_0001821,2025-06-12 10:20:24,AAPL,156.61,646.0,sell,NASDAQ
tx_0000525,2025-06-12 10:20:24,GOOGL,2749.22,181.0,sell,NASDAQ
tx_0009537,2025-06-12 10:20:24,PYPL,249.24,620.0,sell,NASDAQ
tx_0007339,2025-06-12 10:20:28,NVDA,199.47,677.0,buy,NASDAQ
tx_0001826,2025-06-12 10:20:29,GOOGL,2793.03,530.0,sell,NASDAQ
tx_0000883,2025-06-12 10:20:30,MA,338.58,907.0,sell,NYSE
tx_0007958,2025-06-12 10:20:31,NFLX,491.91,761.0,buy,NASDAQ
tx_0008606,2025-06-12 10:20:34,NFLX,494.42,384.0,buy,NASDAQ
tx_0002079,2025-06-12 10:20:39,TSLA,696.35,87.0,buy,NASDAQ
tx_0007345,2025-06-12 10:20:41,MCD,242.19,605.0,sell,NYSE
tx_0007773,2025-06-12 10:20:41,MA,343.85,325.0,buy,NYSE
tx_0006984,2025-06-12 10:20:42,AMZN,3622.72,596.0,buy,NASDAQ
tx_0008577,2025-06-12 10:20:43,AMZN,3611.61,498.0,sell,NASDAQ
tx_0001176,2025-06-12 10:20:43,PEP,150.03,419.0,buy,NYSE
tx_0005146,2025-06-12 10:20:43,MA,343.04,586.0,buy,NYSE
tx_0000422,2025-06-12 10:20:44,V,221.6,971.0,sell,NYSE
tx_0006709,2025-06-12 10:20:45,AAPL,154.55,434.0,buy,NASDAQ
tx_0002261,2025-06-12 10:20:49,PEP,148.81,320.0,sell,NYSE
tx_0004381,2025-06-12 10:20:54,JNJ,171.47,810.0,buy,NYSE
tx_0002997,2025-06-12 10:20:54,DIS,185.73,247.0,sell,NYSE
tx_0002045,2025-06-12 10:20:57,PG,139.59,424.0,buy,NYSE
tx_0003957,2025-06-12 10:21:03,ADBE,603.29,539.0,buy,NASDAQ
tx_0005265,2025-06-12 10:21:03,PYPL,250.55,838.0,sell,NASDAQ
tx_0006375,2025-06-12 10:21:08,NVDA,202.66,38.0,sell,NASDAQ
tx_0005366,2025-06-12 10:21:12,MCD,245.17,516.0,sell,NYSE
tx_0001726,2025-06-12 10:21:13,MSFT,304.04,863.0,sell,NASDAQ
tx_0009919,2025-06-12 10:21:14,PYPL,252.72,105.0,buy,NASDAQ
tx_0008906,2025-06-12 10:21:17,AAPL,153.27,306.0,buy,NASDAQ
tx_0000515,2025-06-12 10:21:17,KO,54.3,540.0,sell,NYSE
tx_0007546,2025-06-12 10:21:22,PYPL,248.84,737.0,sell,NASDAQ
tx_0003446,2025-06-12 10:21:25,MA,345.11,774.0,sell,NYSE
tx_0008614,2025-06-12 10:21:29,PG,138.33,377.0,sell,NYSE
tx_0001689,2025-06-12 10:21:29,MA,340.81,555.0,buy,NYSE
tx_0001718,2025-06-12 10:21:29,PEP,150.14,616.0,buy,NYSE
tx_0005404,2025-06-12 10:21:31,PEP,149.99,670.0,buy,NYSE
tx_0006222,2025-06-12 10:21:33,PG,140.06,623.0,sell,NYSE
tx_0001529,2025-06-12 10:21:35,KO,54.24,465.0,sell,NYSE
tx_0001328,2025-06-12 10:21:37,WMT,138.88,307.0,sell,NYSE
tx_0002165,2025-06-12 10:21:37,MA,,630.0,sell,NYSE
tx_0000446,2025-06-12 10:21:38,GOOGL,2797.41,27.0,sell,NASDAQ
tx_0006287,2025-06-12 10:21:39,MSFT,301.5,833.0,buy,NASDAQ
tx_0000329,2025-06-12 10:21:39,GOOGL,2785.56,51.0,buy,NASDAQ
tx_0000082,2025-06-12 10:21:42,PYPL,250.1,679.0,sell,NASDAQ
tx_0007473,2025-06-12 10:21:44,TSLA,693.18,289.0,buy,NASDAQ
tx_0003435,2025-06-12 10:21:44,V,221.4,289.0,sell,NYSE
tx_0001697,2025-06-12 10:21:46,MA,337.05,311.0,sell,NYSE
tx_0003659,2025-06-12 10:21:47,AAPL,154.94,325.0,sell,NASDAQ
tx_0008216,2025-06-12 10:21:48,PYPL,254.45,905.0,sell,NASDAQ
tx_0007872,2025-06-12 10:21:52,ADBE,606.76,19.0,sell,NASDAQ
tx_0009372,2025-06-12 10:21:55,ADBE,607.73,194.0,buy,NASDAQ
tx_0002154,2025-06-12 10:21:57,V,223.84,907.0,buy,NYSE
tx_0007240,2025-06-12 10:22:05,PG,138.13,646.0,buy,NYSE
tx_0006850,2025-06-12 10:22:08,GOOGL,2747.63,542.0,buy,NASDAQ
tx_0002413,2025-06-12 10:22:09,GOOGL,2781.73,979.0,sell,NASDAQ
tx_0001497,2025-06-12 10:22:11,JNJ,170.48,642.0,buy,NYSE
tx_0002545,2025-06-12 10:22:15,NFLX,490.9,463.0,buy,NASDAQ
tx_0004962,2025-06-12 10:22:16,WMT,138.59,356.0,sell,NYSE
tx_0004452,2025-06-12 10:22:16,DIS,183.75,993.0,buy,NYSE
tx_0002000,2025-06-12 10:22:17,ADBE,613.08,701.0,sell,NASDAQ
tx_0007331,2025-06-12 10:22:21,WMT,139.12,651.0,buy,NYSE
tx_0006183,2025-06-12 10:22:24,PEP,149.84,713.0,sell,NYSE
tx_0002465,2025-06-12 10:22:28,AAPL,153.27,861.0,buy,NASDAQ
tx_0001742,2025-06-12 10:22:29,JNJ,171.15,630.0,sell,NYSE
tx_0001034,2025-06-12 10:22:47,KO,54.12,268.0,buy,NYSE
tx_0005185,2025-06-12 10:22:53,GOOGL,2796.02,478.0,sell,NASDAQ
tx_0000999,2025-06-12 10:22:54,FB,320.73,557.0,sell,NASDAQ
tx_0006108,2025-06-12 10:22:58,NVDA,202.69,698.0,buy,NASDAQ
tx_0000979,2025-06-12 10:23:03,MCD,242.18,849.0,buy,NYSE
tx_0000652,2025-06-12 10:23:03,MCD,240.3,771.0,buy,NYSE
tx_0001125,2025-06-12 10:23:05,DIS,185.75,592.0,sell,NYSE
tx_0008341,2025-06-12 10:23:08,PG,139.92,131.0,sell,NYSE
tx_0008006,2025-06-12 10:23:09,MSFT,302.2,484.0,buy,NASDAQ
tx_0009657,2025-06-12 10:23:10,GOOGL,2774.78,720.0,sell,NASDAQ
tx_0008010,2025-06-12 10:23:11,BRK.B,264.21,49.0,sell,NYSE
tx_0000493,2025-06-12 10:23:14,JNJ,170.71,211.0,sell,NYSE
tx_0001984,2025-06-12 10:23:14,NFLX,492.27,908.0,sell,NASDAQ
tx_0006327,2025-06-12 10:23:14,PYPL,252.93,103.0,buy,NASDAQ
tx_0004485,2025-06-12 10:23:14,PG,139.09,811.0,sell,NYSE
tx_0006142,2025-06-12 10:23:22,PYPL,252.36,945.0,buy,NASDAQ
tx_0001997,2025-06-12 10:23:25,V,220.33,565.0,buy,NYSE
tx_0004126,2025-06-12 10:23:28,FB,317.31,676.0,buy,NASDAQ
tx_0005652,2025-06-12 10:23:31,FB,318.48,,sell,NASDAQ
tx_0003620,2025-06-12 10:23:38,PG,138.23,887.0,buy,NYSE
tx_0000406,2025-06-12 10:23:40,MSFT,301.46,611.0,buy,NASDAQ
tx_0003887,2025-06-12 10:23:40,PEP,150.82,871.0,sell,NYSE
tx_0006539,2025-06-12 10:23:42,NVDA,201.01,25.0,buy,NASDAQ
tx_0009113,2025-06-12 10:23:44,ADBE,602.49,,buy,NASDAQ
tx_0001156,2025-06-12 10:23:49,GOOGL,2787.46,470.0,sell,NASDAQ
tx_0007091,2025-06-12 10:23:53,FB,316.29,42.0,buy,NASDAQ
tx_0003460,2025-06-12 10:24:00,BRK.B,264.09,657.0,buy,NYSE
tx_0007183,2025-06-12 10:24:02,AMZN,3590.17,965.0,buy,NASDAQ
tx_0005039,2025-06-12 10:24:02,WMT,138.79,299.0,buy,NYSE
tx_0001364,2025-06-12 10:24:03,PG,138.64,953.0,sell,NYSE
tx_0008573,2025-06-12 10:24:09,AMZN,3582.15,851.0,sell,NASDAQ
tx_0008725,2025-06-12 10:24:10,GOOGL,2795.55,274.0,sell,NASDAQ
tx_0003730,2025-06-12 10:24:10,PG,138.23,96.0,sell,NYSE
tx_0000932,2025-06-12 10:24:17,ADBE,613.75,309.0,sell,NASDAQ
tx_0000310,2025-06-12 10:24:23,PG,140.01,483.0,buy,NYSE
tx_0008256,2025-06-12 10:24:26,MCD,243.09,882.0,buy,NYSE
tx_0004840,2025-06-12 10:24:27,GOOGL,2804.59,382.0,buy,NASDAQ
tx_0006626,2025-06-12 10:24:27,MA,342.37,380.0,buy,NYSE
tx_0007785,2025-06-12 10:24:33,AAPL,156.02,556.0,sell,NASDAQ
tx_0003663,2025-06-12 10:24:34,NVDA,202.03,40.0,sell,NASDAQ
tx_0000055,2025-06-12 10:24:36,NFLX,487.21,733.0,buy,NASDAQ
tx_0000113,2025-06-12 10:24:42,PG,138.35,155.0,sell,NYSE
tx_0003121,2025-06-12 10:24:44,GOOGL,2785.93,,sell,NASDAQ
tx_0001722,2025-06-12 10:24:46,V,221.68,405.0,sell,NYSE
tx_0009457,2025-06-12 10:24:46,PYPL,250.12,548.0,buy,NASDAQ
tx_0006474,2025-06-12 10:24:48,BRK.B,269.52,334.0,buy,NYSE
tx_0006279,2025-06-12 10:24:49,PEP,150.2,370.0,sell,NYSE
tx_0006755,2025-06-12 10:24:49,AAPL,155.59,378.0,sell,NASDAQ
tx_0006679,2025-06-12 10:24:50,NFLX,487.87,272.0,sell,NASDAQ
tx_0003171,2025-06-12 10:24:50,MA,339.55,490.0,sell,NYSE
tx_0006767,2025-06-12 10:24:51,AAPL,153.54,619.0,sell,NASDAQ
tx_0009079,2025-06-12 10:24:51,V,218.97,479.0,sell,NYSE
tx_0002521,2025-06-12 10:24:55,KO,54.67,672.0,sell,NYSE
tx_0002778,2025-06-12 10:25:01,PYPL,252.94,626.0,sell,NASDAQ
tx_0006584,2025-06-12 10:25:05,ADBE,610.6,124.0,sell,NASDAQ
tx_0001587,2025-06-12 10:25:07,JNJ,170.54,478.0,buy,NYSE
tx_0008416,2025-06-12 10:25:13,GOOGL,2811.61,317.0,buy,NASDAQ
tx_0000419,2025-06-12 10:25:19,ADBE,609.53,119.0,buy,NASDAQ
tx_0004487,2025-06-12 10:25:21,ADBE,607.14,695.0,buy,NASDAQ
tx_0007223,2025-06-12 10:25:24,DIS,189.11,475.0,buy,NYSE
tx_0005557,2025-06-12 10:25:24,PG,139.65,764.0,sell,NYSE
tx_0005626,2025-06-12 10:25:26,WMT,137.76,796.0,buy,NYSE
tx_0002351,2025-06-12 10:25:28,ADBE,600.58,681.0,sell,NASDAQ
tx_0006006,2025-06-12 10:25:29,BRK.B,264.76,803.0,buy,NYSE
tx_0009019,2025-06-12 10:25:30,NFLX,493.24,790.0,buy,NASDAQ
tx_0005927,2025-06-12 10:25:31,KO,54.51,552.0,sell,NYSE
tx_0001406,2025-06-12 10:25:32,JNJ,171.33,638.0,buy,NYSE
tx_0001840,2025-06-12 10:25:32,ADBE,597.39,180.0,buy,NASDAQ
tx_0002284,2025-06-12 10:25:33,WMT,138.22,371.0,sell,NYSE
tx_0006638,2025-06-12 10:25:33,PEP,150.7,327.0,sell,NYSE
tx_0009397,2025-06-12 10:25:33,AMZN,3599.59,220.0,buy,NASDAQ
tx_0000125,2025-06-12 10:25:34,GOOGL,2782.62,419.0,buy,NASDAQ
tx_0000272,2025-06-12 10:25:35,WMT,138.48,232.0,buy,NYSE
tx_0009868,2025-06-12 10:25:37,KO,54.24,949.0,buy,NYSE
tx_0005905,2025-06-12 10:25:38,NFLX,488.46,291.0,buy,NASDAQ
tx_0001334,2025-06-12 10:25:42,WMT,139.47,240.0,buy,NYSE
tx_0004803,2025-06-12 10:25:42,MA,336.44,235.0,buy,NYSE
tx_0006977,2025-06-12 10:25:43,TSLA,696.55,253.0,buy,NASDAQ
tx_0000920,2025-06-12 10:25:46,KO,54.03,958.0,buy,NYSE
tx_0001295,2025-06-12 10:25:47,V,222.23,695.0,sell,NYSE
tx_0008465,2025-06-12 10:25:51,FB,321.42,335.0,sell,NASDAQ
tx_0000324,2025-06-12 10:25:52,GOOGL,2776.15,235.0,buy,NASDAQ
tx_0001541,2025-06-12 10:25:55,GOOGL,2791.63,33.0,buy,NASDAQ
tx_0007813,2025-06-12 10:25:56,MA,334.88,98.0,sell,NYSE
tx_0002181,2025-06-12 10:26:08,MA,338.61,787.0,buy,NYSE
tx_0009329,2025-06-12 10:26:10,V,221.58,324.0,buy,NYSE
tx_0001515,2025-06-12 10:26:11,KO,54.25,292.0,buy,NYSE
tx_0000185,2025-06-12 10:26:11,NVDA,200.17,922.0,sell,NASDAQ
tx_0009303,2025-06-12 10:26:12,MSFT,301.79,472.0,buy,NASDAQ
tx_0003115,2025-06-12 10:26:12,DIS,187.16,397.0,sell,NYSE
tx_0003543,2025-06-12 10:26:14,KO,54.18,675.0,sell,NYSE
tx_0002774,2025-06-12 10:26:14,PG,138.29,233.0,sell,NYSE
tx_0001639,2025-06-12 10:26:14,TSLA,694.94,324.0,sell,NASDAQ
tx_0000075,2025-06-12 10:26:15,NVDA,199.3,459.0,buy,NASDAQ
tx_0002893,2025-06-12 10:26:16,PYPL,250.05,344.0,sell,NASDAQ
tx_0004239,2025-06-12 10:26:18,KO,54.12,864.0,buy,NYSE
tx_0006438,2025-06-12 10:26:24,WMT,137.24,318.0,buy,NYSE
tx_0004869,2025-06-12 10:26:26,MA,335.69,736.0,buy,NYSE
tx_0002096,2025-06-12 10:26:27,NFLX,485.08,510.0,sell,NASDAQ
tx_0002135,2025-06-12 10:26:29,JNJ,170.35,405.0,buy,NYSE
tx_0000619,2025-06-12 10:26:30,KO,54.85,32.0,sell,NYSE
tx_0003003,2025-06-12 10:26:37,MSFT,301.2,899.0,buy,NASDAQ
tx_0004994,2025-06-12 10:26:40,PYPL,250.63,222.0,buy,NASDAQ
tx_0007945,2025-06-12 10:26:42,NVDA,200.55,339.0,buy,NASDAQ
tx_0009366,2025-06-12 10:26:42,WMT,138.99,588.0,sell,NYSE
tx_0002020,2025-06-12 10:26:45,MCD,242.31,568.0,sell,NYSE
tx_0007634,2025-06-12 10:26:46,MA,,925.0,buy,NYSE
tx_0006915,2025-06-12 10:26:48,PYPL,250.99,214.0,sell,NASDAQ
tx_0002927,2025-06-12 10:26:50,V,219.83,526.0,buy,NYSE
tx_0005722,2025-06-12 10:26:51,JNJ,172.15,701.0,,NYSE
tx_0000225,2025-06-12 10:26:57,ADBE,602.76,186.0,sell,NASDAQ
tx_0003343,2025-06-12 10:26:59,KO,54.23,78.0,sell,NYSE
tx_0005785,2025-06-12 10:27:02,TSLA,684.2,772.0,buy,NASDAQ
tx_0006083,2025-06-12 10:27:07,MA,336.62,994.0,sell,NYSE
tx_0001888,2025-06-12 10:27:08,BRK.B,269.86,74.0,buy,NYSE
tx_0006224,2025-06-12 10:27:08,MCD,243.12,25.0,sell,NYSE
tx_0004940,2025-06-12 10:27:11,DIS,187.11,385.0,buy,NYSE
tx_0001928,2025-06-12 10:27:15,MSFT,306.22,950.0,sell,
tx_0008753,2025-06-12 10:27:18,BRK.B,267.54,598.0,buy,NYSE
tx_0004941,2025-06-12 10:27:18,MA,334.31,985.0,buy,NYSE
tx_0001325,2025-06-12 10:27:18,PG,139.12,2.0,buy,NYSE
tx_0008307,2025-06-12 10:27:20,MA,338.81,771.0,sell,NYSE
tx_0003151,2025-06-12 10:27:22,GOOGL,2779.59,345.0,sell,NASDAQ
tx_0003230,2025-06-12 10:27:23,JNJ,171.82,11.0,sell,NYSE
tx_0004167,2025-06-12 10:27:24,JNJ,169.61,331.0,sell,NYSE
tx_0001484,2025-06-12 10:27:32,V,222.62,11.0,buy,NYSE
tx_0000492,2025-06-12 10:27:32,AMZN,3584.67,850.0,buy,NASDAQ
tx_0005596,2025-06-12 10:27:42,MA,337.12,737.0,sell,NYSE
tx_0005924,2025-06-12 10:27:42,ADBE,599.52,489.0,buy,NASDAQ
tx_0006727,2025-06-12 10:27:43,AMZN,3586.44,148.0,sell,NASDAQ
tx_0006932,2025-06-12 10:27:46,FB,317.38,988.0,buy,NASDAQ
tx_0000509,2025-06-12 10:27:47,PYPL,250.38,885.0,sell,NASDAQ
tx_0001871,2025-06-12 10:27:48,KO,55.06,628.0,sell,NYSE
tx_0005105,2025-06-12 10:27:50,NFLX,490.3,985.0,sell,NASDAQ
tx_0004756,2025-06-12 10:27:54,NVDA,199.56,561.0,sell,NASDAQ
tx_0008409,2025-06-12 10:27:55,KO,54.14,469.0,buy,NYSE
tx_0005026,2025-06-12 10:27:56,AAPL,154.03,725.0,buy,NASDAQ
tx_0007401,2025-06-12 10:27:58,AMZN,3563.4,345.0,sell,NASDAQ
tx_0002388,2025-06-12 10:28:03,GOOGL,2781.95,232.0,sell,NASDAQ
tx_0005919,2025-06-12 10:28:04,ADBE,603.17,839.0,buy,NASDAQ
tx_0003199,2025-06-12 10:28:05,PYPL,250.86,301.0,sell,NASDAQ
tx_0003183,2025-06-12 10:28:09,GOOGL,2796.22,520.0,sell,NASDAQ
tx_0005663,2025-06-12 10:28:10,MA,338.38,922.0,sell,NYSE
tx_0004169,2025-06-12 10:28:12,V,219.2,931.0,buy,NYSE
tx_0000220,2025-06-12 10:28:14,MA,338.03,937.0,sell,NYSE
tx_0005486,2025-06-12 10:28:16,AAPL,153.45,689.0,buy,NASDAQ
tx_0007870,2025-06-12 10:28:17,GOOGL,2804.98,623.0,sell,NASDAQ
tx_0008689,2025-06-12 10:28:17,ADBE,598.95,631.0,sell,NASDAQ
tx_0005328,2025-06-12 10:28:21,PYPL,250.42,770.0,buy,NASDAQ
tx_0005533,2025-06-12 10:28:23,V,221.41,137.0,buy,NYSE
tx_0005848,2025-06-12 10:28:27,FB,321.42,842.0,sell,NASDAQ
tx_0007575,2025-06-12 10:28:35,WMT,137.66,745.0,buy,NYSE
tx_0007063,2025-06-12 10:28:40,GOOGL,2825.93,683.0,buy,NASDAQ
tx_0007748,2025-06-12 10:28:42,GOOGL,2825.41,88.0,sell,NASDAQ
tx_0005335,2025-06-12 10:28:46,MA,336.01,293.0,buy,NYSE
tx_0002081,2025-06-12 10:28:51,NVDA,201.11,206.0,buy,NASDAQ
tx_0002162,2025-06-12 10:28:59,JNJ,168.18,256.0,buy,NYSE
tx_0009956,2025-06-12 10:29:01,ADBE,605.78,244.0,sell,NASDAQ
tx_0007111,2025-06-12 10:29:02,PG,137.22,275.0,buy,NYSE
tx_0008318,2025-06-12 10:29:04,FB,317.47,996.0,sell,NASDAQ
tx_0002037,2025-06-12 10:29:04,MCD,239.71,714.0,sell,NYSE
tx_0009201,2025-06-12 10:29:06,PYPL,251.5,788.0,sell,NASDAQ
tx_0005817,2025-06-12 10:29:14,WMT,138.73,920.0,sell,NYSE
tx_0009797,2025-06-12 10:29:14,FB,319.22,572.0,buy,NASDAQ
tx_0002532,2025-06-12 10:29:15,MCD,241.51,74.0,buy,NYSE
tx_0002241,2025-06-12 10:29:20,AMZN,3624.68,837.0,buy,NASDAQ
tx_0005777,2025-06-12 10:29:28,TSLA,694.06,923.0,sell,NASDAQ
tx_0003841,2025-06-12 10:29:29,TSLA,701.5,854.0,sell,NASDAQ
tx_0009449,2025-06-12 10:29:30,FB,322.65,833.0,sell,NASDAQ
tx_0003782,2025-06-12 10:29:30,GOOGL,2838.1,34.0,sell,NASDAQ
tx_0009477,2025-06-12 10:29:30,PG,137.02,752.0,buy,NYSE
tx_0003369,2025-06-12 10:29:33,KO,54.11,860.0,buy,NYSE
tx_0000051,2025-06-12 10:29:37,DIS,187.88,756.0,buy,NYSE
tx_0006570,2025-06-12 10:29:38,MCD,239.54,5.0,buy,NYSE
tx_0001003,2025-06-12 10:29:40,PG,137.72,303.0,buy,NYSE
tx_0009378,2025-06-12 10:29:41,ADBE,599.22,432.0,buy,NASDAQ
tx_0004524,2025-06-12 10:29:42,PEP,150.31,381.0,sell,NYSE
tx_0007728,2025-06-12 10:29:46,MSFT,304.67,590.0,buy,NASDAQ
tx_0005070,2025-06-12 10:29:47,V,222.24,799.0,sell,NYSE
tx_0004664,2025-06-12 10:29:48,MA,337.35,636.0,sell,NYSE
tx_0007100,2025-06-12 10:29:50,PG,138.26,799.0,buy,NYSE
tx_0001478,2025-06-12 10:29:52,AAPL,152.98,688.0,buy,NASDAQ
tx_0001272,2025-06-12 10:29:54,DIS,187.15,612.0,sell,NYSE
tx_0008715,2025-06-12 10:29:55,FB,320.46,649.0,sell,
tx_0007580,2025-06-12 10:29:57,MA,338.19,208.0,buy,NYSE
tx_0007128,2025-06-12 10:30:01,JNJ,169.66,156.0,sell,NYSE
tx_0007661,2025-06-12 10:30:09,AMZN,3606.3,622.0,buy,NASDAQ
tx_0009311,2025-06-12 10:30:14,PG,138.98,146.0,sell,NYSE
tx_0002618,2025-06-12 10:30:18,MSFT,303.74,925.0,buy,NASDAQ
tx_0003806,2025-06-12 10:30:18,PEP,150.09,992.0,buy,NYSE
tx_0000981,2025-06-12 10:30:26,BRK.B,264.68,572.0,sell,NYSE
tx_0003652,2025-06-12 10:30:33,MA,338.32,250.0,sell,NYSE
tx_0007277,2025-06-12 10:30:34,TSLA,689.61,538.0,buy,NASDAQ
tx_0007789,2025-06-12 10:30:45,MCD,239.12,757.0,buy,NYSE
tx_0009376,2025-06-12 10:30:50,MSFT,301.8,678.0,sell,NASDAQ
tx_0006445,2025-06-12 10:30:52,NVDA,199.55,843.0,,NASDAQ
tx_0006101,2025-06-12 10:30:54,PG,138.36,773.0,buy,NYSE
tx_0004151,2025-06-12 10:30:55,BRK.B,266.29,925.0,sell,NYSE
tx_0009263,2025-06-12 10:30:58,PYPL,252.15,849.0,buy,NASDAQ
tx_0007122,2025-06-12 10:31:02,NFLX,490.15,596.0,sell,NASDAQ
tx_0009769,2025-06-12 10:31:06,WMT,135.63,145.0,sell,NYSE
tx_0006353,2025-06-12 10:31:12,MCD,238.73,680.0,sell,NYSE
tx_0002536,2025-06-12 10:31:14,WMT,135.66,285.0,buy,NYSE
tx_0003618,2025-06-12 10:31:19,PYPL,251.39,988.0,buy,NASDAQ
tx_0000735,2025-06-12 10:31:19,BRK.B,267.03,909.0,sell,NYSE
tx_0003789,2025-06-12 10:31:25,PEP,149.04,611.0,sell,NYSE
tx_0007946,2025-06-12 10:31:26,NFLX,,753.0,buy,NASDAQ
tx_0009241,2025-06-12 10:31:28,NFLX,489.43,162.0,buy,NASDAQ
tx_0007606,2025-06-12 10:31:30,TSLA,698.33,3.0,,NASDAQ
tx_0008462,2025-06-12 10:31:32,AMZN,3601.82,655.0,sell,NASDAQ
tx_0003658,2025-06-12 10:31:32,FB,317.34,204.0,buy,NASDAQ
tx_0009230,2025-06-12 10:31:33,NFLX,488.4,894.0,buy,NASDAQ
tx_0008183,2025-06-12 10:31:34,JNJ,169.46,181.0,buy,NYSE
tx_0000749,2025-06-12 10:31:34,MA,340.26,934.0,sell,NYSE
tx_0002535,2025-06-12 10:31:35,JNJ,168.63,2.0,sell,NYSE
tx_0003816,2025-06-12 10:31:39,MSFT,305.48,375.0,buy,NASDAQ
tx_0000144,2025-06-12 10:31:39,ADBE,596.47,782.0,sell,NASDAQ
tx_0007535,2025-06-12 10:31:47,MCD,237.21,958.0,sell,
tx_0000718,2025-06-12 10:31:48,FB,321.87,928.0,buy,NASDAQ
tx_0005706,2025-06-12 10:31:54,NFLX,487.1,758.0,buy,NASDAQ
tx_0003334,2025-06-12 10:31:54,PG,138.74,352.0,sell,NYSE
tx_0004272,2025-06-12 10:31:55,KO,53.86,61.0,buy,NYSE
tx_0009175,2025-06-12 10:31:57,JNJ,168.64,959.0,buy,NYSE
tx_0000854,2025-06-12 10:31:57,GOOGL,2798.42,439.0,buy,NASDAQ
tx_0009845,2025-06-12 10:31:58,NVDA,202.25,995.0,buy,NASDAQ
tx_0001835,2025-06-12 10:31:58,MCD,240.24,408.0,sell,NYSE
tx_0007008,2025-06-12 10:32:05,AMZN,3573.56,235.0,sell,NASDAQ
tx_0004318,2025-06-12 10:32:09,FB,318.55,926.0,sell,NASDAQ
tx_0001173,2025-06-12 10:32:10,NVDA,200.41,210.0,sell,NASDAQ
tx_0002816,2025-06-12 10:32:12,AAPL,155.13,652.0,buy,NASDAQ
tx_0004798,2025-06-12 10:32:22,PYPL,252.7,466.0,buy,NASDAQ
tx_0008418,2025-06-12 10:32:22,NFLX,485.53,333.0,buy,NASDAQ
tx_0009924,2025-06-12 10:32:23,PG,136.86,107.0,buy,NYSE
tx_0005196,2025-06-12 10:32:24,WMT,138.19,191.0,sell,NYSE
tx_0004215,2025-06-12 10:32:25,DIS,188.82,177.0,sell,NYSE
tx_0001356,2025-06-12 10:32:27,PG,136.31,289.0,sell,NYSE
tx_0000224,2025-06-12 10:32:31,MCD,239.3,810.0,sell,NYSE
tx_0002870,2025-06-12 10:32:32,GOOGL,2801.73,287.0,sell,NASDAQ
tx_0008050,2025-06-12 10:32:32,TSLA,694.01,187.0,buy,NASDAQ
tx_0004984,2025-06-12 10:32:33,ADBE,592.67,406.0,sell,NASDAQ
tx_0003384,2025-06-12 10:32:34,PYPL,248.99,793.0,buy,NASDAQ
tx_0008507,2025-06-12 10:32:34,DIS,189.58,633.0,buy,NYSE
tx_0008125,2025-06-12 10:32:34,JNJ,170.95,74.0,sell,NYSE
tx_0005577,2025-06-12 10:32:39,GOOGL,2844.49,66.0,buy,NASDAQ
tx_0001530,2025-06-12 10:32:45,PG,138.44,659.0,sell,NYSE
tx_0009438,2025-06-12 10:32:47,BRK.B,265.59,101.0,buy,NYSE
tx_0008447,2025-06-12 10:32:48,FB,316.88,17.0,sell,NASDAQ
tx_0005887,2025-06-12 10:32:52,NFLX,488.98,721.0,buy,NASDAQ
tx_0002455,2025-06-12 10:32:53,NVDA,199.79,569.0,buy,NASDAQ
tx_0002831,2025-06-12 10:32:54,PG,137.03,66.0,buy,NYSE
tx_0005569,2025-06-12 10:32:56,TSLA,696.3,833.0,buy,NASDAQ
tx_0005505,2025-06-12 10:32:56,MSFT,306.17,15.0,sell,NASDAQ
tx_0006236,2025-06-12 10:33:01,DIS,187.3,914.0,sell,NYSE
tx_0005510,2025-06-12 10:33:02,AAPL,153.12,79.0,buy,NASDAQ
tx_0004398,2025-06-12 10:33:02,DIS,189.55,118.0,sell,NYSE
tx_0001831,2025-06-12 10:33:04,AMZN,3611.42,257.0,buy,NASDAQ
tx_0004039,2025-06-12 10:33:06,MCD,236.8,194.0,sell,NYSE
tx_0006230,2025-06-12 10:33:06,PEP,150.89,948.0,buy,NYSE
tx_0006832,2025-06-12 10:33:06,AAPL,155.57,482.0,buy,NASDAQ
tx_0001241,2025-06-12 10:33:08,NVDA,201.62,900.0,buy,NASDAQ
tx_0009218,2025-06-12 10:33:13,NVDA,202.17,230.0,sell,NASDAQ
tx_0006239,2025-06-12 10:33:15,KO,54.03,171.0,sell,NYSE
tx_0002723,2025-06-12 10:33:17,NVDA,201.03,710.0,sell,NASDAQ
tx_0007692,2025-06-12 10:33:19,JNJ,168.97,575.0,buy,NYSE
tx_0001917,2025-06-12 10:33:21,KO,54.47,532.0,buy,NYSE
tx_0000231,2025-06-12 10:33:25,PG,136.63,426.0,sell,NYSE
tx_0007621,2025-06-12 10:33:28,BRK.B,267.47,879.0,buy,NYSE
tx_0004493,2025-06-12 10:33:30,DIS,189.2,884.0,sell,NYSE
tx_0004286,2025-06-12 10:33:31,NVDA,200.37,782.0,buy,NASDAQ
tx_0008881,2025-06-12 10:33:42,WMT,139.07,841.0,buy,NYSE
tx_0009484,2025-06-12 10:33:42,PYPL,248.98,425.0,sell,NASDAQ
tx_0002667,2025-06-12 10:33:49,V,219.1,915.0,buy,NYSE
tx_0005314,2025-06-12 10:33:52,PG,136.6,653.0,sell,NYSE
tx_0001563,2025-06-12 10:33:52,PEP,148.62,973.0,buy,NYSE
tx_0006213,2025-06-12 10:33:55,PG,137.08,566.0,buy,NYSE
tx_0005602,2025-06-12 10:33:56,MSFT,303.03,697.0,sell,NASDAQ
tx_0008902,2025-06-12 10:33:57,NFLX,493.14,254.0,sell,NASDAQ
tx_0000085,2025-06-12 10:34:00,TSLA,690.57,137.0,buy,NASDAQ
tx_0009678,2025-06-12 10:34:02,BRK.B,264.67,655.0,buy,NYSE
tx_0007602,2025-06-12 10:34:10,MCD,237.84,210.0,sell,NYSE
tx_0004055,2025-06-12 10:34:12,DIS,189.49,759.0,,NYSE
tx_0005540,2025-06-12 10:34:14,V,221.37,580.0,sell,NYSE
tx_0002179,2025-06-12 10:34:16,V,221.07,460.0,sell,NYSE
tx_0005854,2025-06-12 10:34:28,AAPL,153.77,47.0,sell,NASDAQ
tx_0001195,2025-06-12 10:34:30,ADBE,588.21,532.0,sell,NASDAQ
tx_0006233,2025-06-12 10:34:31,JNJ,171.69,999.0,buy,NYSE
tx_0008110,2025-06-12 10:34:35,V,220.81,971.0,sell,NYSE
tx_0003210,2025-06-12 10:34:37,NVDA,202.73,869.0,buy,NASDAQ
tx_0004814,2025-06-12 10:34:41,PG,137.52,144.0,sell,NYSE
tx_0008024,2025-06-12 10:34:42,ADBE,598.66,342.0,sell,NASDAQ
tx_0008404,2025-06-12 10:34:44,KO,54.73,163.0,buy,NYSE
tx_0002368,2025-06-12 10:34:44,PEP,149.69,71.0,buy,NYSE
tx_0000046,2025-06-12 10:34:47,WMT,139.53,784.0,sell,NYSE
tx_0005406,2025-06-12 10:34:50,MA,335.03,310.0,sell,NYSE
tx_0001320,2025-06-12 10:34:52,AMZN,3541.47,265.0,sell,NASDAQ
tx_0001197,2025-06-12 10:34:53,ADBE,594.91,10.0,buy,NASDAQ
tx_0000661,2025-06-12 10:34:54,BRK.B,266.32,821.0,sell,NYSE
tx_0006707,2025-06-12 10:34:57,NFLX,495.59,550.0,buy,NASDAQ
tx_0003196,2025-06-12 10:34:58,MA,340.52,119.0,buy,NYSE
tx_0002192,2025-06-12 10:34:59,BRK.B,264.54,573.0,sell,NYSE
tx_0008957,2025-06-12 10:34:59,JNJ,170.35,673.0,sell,NYSE
tx_0008066,2025-06-12 10:35:01,FB,322.99,936.0,buy,NASDAQ
tx_0001969,2025-06-12 10:35:04,JNJ,168.95,814.0,buy,NYSE
tx_0003709,2025-06-12 10:35:09,ADBE,598.58,770.0,buy,NASDAQ
tx_0004830,2025-06-12 10:35:10,GOOGL,2825.72,362.0,sell,NASDAQ
tx_0007188,2025-06-12 10:35:12,MSFT,305.7,718.0,sell,NASDAQ
tx_0003280,2025-06-12 10:35:12,PYPL,249.71,618.0,buy,NASDAQ
tx_0000435,2025-06-12 10:35:12,JNJ,169.99,604.0,buy,NYSE
tx_0005568,2025-06-12 10:35:13,KO,54.83,335.0,buy,NYSE
tx_0000243,2025-06-12 10:35:16,MSFT,302.9,490.0,sell,NASDAQ
tx_0003559,2025-06-12 10:35:18,JNJ,170.74,165.0,sell,NYSE
tx_0005457,2025-06-12 10:35:24,PG,136.09,875.0,sell,NYSE
tx_0007077,2025-06-12 10:35:25,TSLA,691.32,971.0,sell,NASDAQ
tx_0006976,2025-06-12 10:35:27,GOOGL,2849.71,162.0,sell,NASDAQ
tx_0003079,2025-06-12 10:35:27,PG,138.37,935.0,buy,NYSE
tx_0008237,2025-06-12 10:35:28,DIS,189.98,989.0,sell,NYSE
tx_0003376,2025-06-12 10:35:38,DIS,186.67,44.0,buy,NYSE
tx_0000959,2025-06-12 10:35:38,GOOGL,2831.24,274.0,buy,NASDAQ
tx_0002323,2025-06-12 10:35:38,BRK.B,261.75,436.0,sell,NYSE
tx_0001740,2025-06-12 10:35:40,MCD,238.6,992.0,buy,NYSE
tx_0000062,2025-06-12 10:35:44,MA,335.24,446.0,buy,NYSE
tx_0009766,2025-06-12 10:35:44,MA,334.91,455.0,buy,NYSE
tx_0002273,2025-06-12 10:35:45,DIS,186.02,532.0,buy,NYSE
tx_0007169,2025-06-12 10:35:46,WMT,139.05,850.0,sell,NYSE
tx_0002453,2025-06-12 10:35:50,MCD,238.04,479.0,buy,NYSE
tx_0005163,2025-06-12 10:35:51,ADBE,596.46,489.0,buy,NASDAQ
tx_0000568,2025-06-12 10:35:56,KO,53.85,612.0,buy,NYSE
tx_0009676,2025-06-12 10:36:05,JNJ,168.17,356.0,sell,NYSE
tx_0008867,2025-06-12 10:36:05,MSFT,303.27,711.0,sell,NASDAQ
tx_0006399,2025-06-12 10:36:06,AAPL,154.94,385.0,buy,NASDAQ
tx_0005560,2025-06-12 10:36:13,BRK.B,262.55,999.0,sell,NYSE
tx_0006633,2025-06-12 10:36:17,MSFT,306.37,482.0,buy,NASDAQ
tx_0000282,2025-06-12 10:36:21,PYPL,253.5,185.0,,NASDAQ
tx_0006998,2025-06-12 10:36:26,PYPL,252.36,454.0,sell,NASDAQ
tx_0006921,2025-06-12 10:36:28,WMT,137.88,356.0,buy,NYSE
tx_0004328,2025-06-12 10:36:30,PEP,151.43,13.0,sell,NYSE
tx_0008239,2025-06-12 10:36:42,ADBE,594.59,114.0,sell,NASDAQ
tx_0004376,2025-06-12 10:36:46,PG,135.97,311.0,buy,NYSE
tx_0005805,2025-06-12 10:36:52,FB,319.31,715.0,sell,NASDAQ
tx_0000403,2025-06-12 10:36:54,PG,137.67,958.0,buy,NYSE
tx_0008158,2025-06-12 10:36:55,PG,137.75,26.0,buy,NYSE
tx_0004577,2025-06-12 10:36:56,MCD,236.55,91.0,buy,NYSE
tx_0009547,2025-06-12 10:36:59,MA,337.08,42.0,sell,NYSE
tx_0003029,2025-06-12 10:37:01,MA,336.31,426.0,buy,NYSE
tx_0000499,2025-06-12 10:37:04,WMT,138.43,811.0,sell,NYSE
tx_0002014,2025-06-12 10:37:06,MSFT,303.64,531.0,buy,NASDAQ
tx_0000859,2025-06-12 10:37:13,KO,54.15,552.0,buy,NYSE
tx_0004556,2025-06-12 10:37:13,PG,137.8,,sell,NYSE
tx_0004875,2025-06-12 10:37:14,PYPL,249.38,571.0,buy,NASDAQ
tx_0008647,2025-06-12 10:37:15,PEP,151.77,,sell,NYSE
tx_0004542,2025-06-12 10:37:15,PG,136.64,597.0,sell,NYSE
tx_0009208,2025-06-12 10:37:16,KO,54.59,941.0,buy,NYSE
tx_0000246,2025-06-12 10:37:16,KO,54.46,,sell,NYSE
tx_0001491,2025-06-12 10:37:16,FB,321.87,58.0,sell,NASDAQ
tx_0001066,2025-06-12 10:37:18,AAPL,157.01,48.0,sell,NASDAQ
tx_0001205,2025-06-12 10:37:19,PYPL,249.49,373.0,buy,NASDAQ
tx_0007825,2025-06-12 10:37:23,NVDA,199.76,95.0,sell,NASDAQ
tx_0006846,2025-06-12 10:37:25,PEP,149.6,403.0,sell,NYSE
tx_0006594,2025-06-12 10:37:27,DIS,186.93,992.0,sell,NYSE
tx_0009611,2025-06-12 10:37:27,MSFT,304.75,109.0,sell,NASDAQ
tx_0004998,2025-06-12 10:37:27,NVDA,199.63,58.0,buy,NASDAQ
tx_0001778,2025-06-12 10:37:27,PYPL,249.8,427.0,sell,NASDAQ
tx_0003829,2025-06-12 10:37:30,AAPL,155.2,613.0,buy,NASDAQ
tx_0001322,2025-06-12 10:37:33,PG,137.57,743.0,buy,NYSE
tx_0000077,2025-06-12 10:37:36,NVDA,202.02,807.0,sell,NASDAQ
tx_0002283,2025-06-12 10:37:38,TSLA,702.14,423.0,buy,NASDAQ
tx_0000370,2025-06-12 10:37:39,AAPL,155.42,848.0,buy,NASDAQ
tx_0006432,2025-06-12 10:37:48,AAPL,155.2,533.0,buy,NASDAQ
tx_0007919,2025-06-12 10:37:48,AMZN,3588.73,207.0,sell,NASDAQ
tx_0009531,2025-06-12 10:37:52,PEP,152.09,840.0,sell,NYSE
tx_0004014,2025-06-12 10:37:53,MSFT,307.31,888.0,buy,NASDAQ
tx_0007614,2025-06-12 10:37:58,FB,323.07,380.0,sell,NASDAQ
tx_0000806,2025-06-12 10:38:02,WMT,138.97,96.0,sell,NYSE
tx_0001617,2025-06-12 10:38:03,PYPL,251.08,389.0,sell,NASDAQ
tx_0008524,2025-06-12 10:38:04,PEP,149.6,755.0,buy,NYSE
tx_0008186,2025-06-12 10:38:06,MSFT,304.9,284.0,sell,NASDAQ
tx_0002460,2025-06-12 10:38:06,PEP,151.81,719.0,sell,NYSE
tx_0007976,2025-06-12 10:38:09,MCD,239.21,194.0,sell,NYSE
tx_0005541,2025-06-12 10:38:09,GOOGL,2803.62,389.0,buy,NASDAQ
tx_0006725,2025-06-12 10:38:09,NVDA,198.41,464.0,sell,NASDAQ
tx_0005929,2025-06-12 10:38:15,TSLA,705.26,873.0,buy,NASDAQ
tx_0001092,2025-06-12 10:38:18,AAPL,154.73,77.0,sell,NASDAQ
tx_0000359,2025-06-12 10:38:19,PG,137.62,553.0,sell,NYSE
tx_0002153,2025-06-12 10:38:20,MSFT,301.86,484.0,buy,NASDAQ
tx_0004801,2025-06-12 10:38:22,MCD,239.53,534.0,buy,NYSE
tx_0007105,2025-06-12 10:38:25,PYPL,251.47,558.0,buy,NASDAQ
tx_0002634,2025-06-12 10:38:25,MSFT,307.62,935.0,buy,NASDAQ
tx_0007167,2025-06-12 10:38:26,KO,54.11,59.0,buy,NYSE
tx_0004104,2025-06-12 10:38:26,AAPL,157.6,164.0,sell,NASDAQ
tx_0002553,2025-06-12 10:38:26,DIS,188.35,932.0,buy,NYSE
tx_0002690,2025-06-12 10:38:27,AAPL,155.71,138.0,buy,NASDAQ
tx_0001776,2025-06-12 10:38:29,MCD,237.5,732.0,sell,NYSE
tx_0002104,2025-06-12 10:38:30,V,219.68,195.0,buy,NYSE
