transaction_id,timestamp,stock_symbol,price,quantity,order_type,exchange
tx_0008934,2025-06-10 09:30:01,MCD,248.1,348,sell,NYSE
tx_0004235,2025-06-10 09:30:03,AAPL,151.24,533,sell,NASDAQ
tx_0004785,2025-06-10 09:30:05,MCD,251.68,901,buy,NYSE
tx_0007118,2025-06-10 09:30:07,WMT,139.23,655,buy,NYSE
tx_0003300,2025-06-10 09:30:13,DIS,178.21,379,buy,NYSE
tx_0000110,2025-06-10 09:30:15,NVDA,199.59,694,sell,NASDAQ
tx_0003256,2025-06-10 09:30:15,ADBE,600.76,681,buy,NASDAQ
tx_0006506,2025-06-10 09:30:17,V,220.69,427,buy,NYSE
tx_0003399,2025-06-10 09:30:18,MA,352.05,813,buy,NYSE
tx_0003237,2025-06-10 09:30:18,PEP,149.08,907,sell,NYSE
tx_0001016,2025-06-10 09:30:19,FB,332.62,959,sell,NASDAQ
tx_0001568,2025-06-10 09:30:21,AAPL,150.42,958,buy,NASDAQ
tx_0007221,2025-06-10 09:30:22,TSLA,700.65,250,buy,NASDAQ
tx_0006477,2025-06-10 09:30:25,MSFT,300.68,740,buy,NASDAQ
tx_0007627,2025-06-10 09:30:30,DIS,180.12,219,sell,NYSE
tx_0001814,2025-06-10 09:30:34,FB,331.34,307,buy,NASDAQ
tx_0008589,2025-06-10 09:30:34,TSLA,693.88,377,buy,NASDAQ
tx_0009737,2025-06-10 09:30:34,BRK.B,278.78,463,sell,NYSE
tx_0007773,2025-06-10 09:30:41,MCD,249.14,220,buy,NYSE
tx_0004589,2025-06-10 09:30:41,JNJ,170.11,270,sell,NYSE
tx_0001707,2025-06-10 09:30:43,ADBE,603.7,204,buy,NASDAQ
tx_0004243,2025-06-10 09:30:43,NFLX,496.35,831,sell,NASDAQ
tx_0000773,2025-06-10 09:30:45,DIS,182.37,641,sell,NYSE
tx_0005999,2025-06-10 09:30:50,DIS,181.54,751,buy,NYSE
tx_0000345,2025-06-10 09:30:51,MA,349.06,956,sell,NYSE
tx_0000959,2025-06-10 09:30:52,PYPL,249.23,214,sell,NASDAQ
tx_0004984,2025-06-10 09:30:54,AAPL,149.39,148,sell,NASDAQ
tx_0000152,2025-06-10 09:30:59,GOOGL,2822.7,294,sell,NASDAQ
tx_0002050,2025-06-10 09:31:01,DIS,182.1,170,sell,
tx_0009307,2025-06-10 09:31:03,DIS,179.47,344,sell,NYSE
tx_0003803,2025-06-10 09:31:08,MSFT,300.93,144,buy,NASDAQ
tx_0002233,2025-06-10 09:31:12,MCD,248.81,232,buy,NYSE
tx_0000967,2025-06-10 09:31:15,NVDA,200.72,218,buy,NASDAQ
tx_0005563,2025-06-10 09:31:17,ADBE,603.37,996,sell,NASDAQ
tx_0005888,2025-06-10 09:31:18,DIS,181.87,823,sell,NYSE
tx_0007400,2025-06-10 09:31:24,DIS,180.99,113,buy,NYSE
tx_0007439,2025-06-10 09:31:24,MCD,250.66,191,sell,NYSE
tx_0002053,2025-06-10 09:31:25,NVDA,201.39,961,buy,NASDAQ
tx_0000872,2025-06-10 09:31:27,PYPL,250.83,630,buy,NASDAQ
tx_0004761,2025-06-10 09:31:27,BRK.B,281.1,783,sell,NYSE
tx_0002408,2025-06-10 09:31:28,NVDA,202.55,438,buy,NASDAQ
tx_0000126,2025-06-10 09:31:28,MA,350.89,532,sell,NYSE
tx_0001163,2025-06-10 09:31:30,TSLA,702.29,721,sell,NASDAQ
tx_0007056,2025-06-10 09:31:30,JNJ,169.14,135,sell,NYSE
tx_0009641,2025-06-10 09:31:40,FB,328.63,699,buy,NASDAQ
tx_0005751,2025-06-10 09:31:42,PEP,150.59,764,sell,NYSE
tx_0003495,2025-06-10 09:31:47,NFLX,497.54,284,buy,NASDAQ
tx_0007964,2025-06-10 09:31:50,GOOGL,2824.08,231,sell,NASDAQ
tx_0003290,2025-06-10 09:31:51,PYPL,249.51,437,buy,NASDAQ
tx_0004078,2025-06-10 09:31:54,AAPL,149.59,988,sell,NASDAQ
tx_0007830,2025-06-10 09:31:54,AMZN,3522.36,130,buy,NASDAQ
tx_0006672,2025-06-10 09:31:55,AAPL,150.5,885,buy,NASDAQ
tx_0002942,2025-06-10 09:31:58,AAPL,149.81,744,buy,NASDAQ
tx_0001402,2025-06-10 09:32:00,WMT,139.96,473,sell,NYSE
tx_0006237,2025-06-10 09:32:04,BRK.B,277.64,298,sell,NYSE
tx_0004318,2025-06-10 09:32:05,PG,138.89,247,sell,NYSE
tx_0007128,2025-06-10 09:32:06,NFLX,496.21,887,buy,NASDAQ
tx_0000153,2025-06-10 09:32:06,NFLX,492.61,621,buy,NASDAQ
tx_0000342,2025-06-10 09:32:10,GOOGL,2831.58,730,buy,NASDAQ
tx_0005747,2025-06-10 09:32:16,JNJ,169.0,496,buy,NYSE
tx_0001349,2025-06-10 09:32:18,DIS,180.41,203,buy,NYSE
tx_0002285,2025-06-10 09:32:19,PYPL,251.3,982,buy,NASDAQ
tx_0002490,2025-06-10 09:32:20,PYPL,249.6,570,sell,NASDAQ
tx_0002294,2025-06-10 09:32:22,FB,330.34,483,buy,NASDAQ
tx_0000253,2025-06-10 09:32:27,TSLA,697.73,375,buy,NASDAQ
tx_0003304,2025-06-10 09:32:29,JNJ,169.71,735,sell,NYSE
tx_0007315,2025-06-10 09:32:31,MA,350.6,183,buy,NYSE
tx_0004338,2025-06-10 09:32:41,NVDA,204.34,152,sell,NASDAQ
tx_0007327,2025-06-10 09:32:43,BRK.B,280.49,592,sell,NYSE
tx_0008500,2025-06-10 09:32:46,WMT,140.18,290,sell,NYSE
tx_0006291,2025-06-10 09:32:48,TSLA,700.38,424,buy,NASDAQ
tx_0007642,2025-06-10 09:32:55,FB,329.28,332,sell,NASDAQ
tx_0000551,2025-06-10 09:32:56,FB,331.64,685,sell,NASDAQ
tx_0002591,2025-06-10 09:32:57,BRK.B,278.81,281,sell,NYSE
tx_0009619,2025-06-10 09:32:59,V,219.84,732,sell,NYSE
tx_0001767,2025-06-10 09:33:03,NVDA,201.99,701,sell,NASDAQ
tx_0009284,2025-06-10 09:33:06,ADBE,600.72,358,buy,NASDAQ
tx_0004062,2025-06-10 09:33:13,DIS,182.01,239,sell,NYSE
tx_0008222,2025-06-10 09:33:13,TSLA,691.96,652,sell,NASDAQ
tx_0006269,2025-06-10 09:33:14,FB,333.62,132,buy,NASDAQ
tx_0000297,2025-06-10 09:33:19,AAPL,150.62,686,buy,NASDAQ
tx_0009243,2025-06-10 09:33:20,V,219.1,160,sell,NYSE
tx_0008048,2025-06-10 09:33:34,MSFT,298.46,705,sell,NASDAQ
tx_0000814,2025-06-10 09:33:34,FB,333.91,423,buy,NASDAQ
tx_0009962,2025-06-10 09:33:34,AMZN,3576.06,626,sell,NASDAQ
tx_0007788,2025-06-10 09:33:40,GOOGL,2829.61,756,sell,NASDAQ
tx_0005310,2025-06-10 09:33:41,PG,141.58,684,buy,NYSE
tx_0003179,2025-06-10 09:33:45,BRK.B,276.03,390,sell,NYSE
tx_0009187,2025-06-10 09:33:46,BRK.B,276.29,656,sell,NYSE
tx_0005715,2025-06-10 09:33:47,BRK.B,279.36,721,sell,NYSE
tx_0000617,2025-06-10 09:33:48,MA,347.12,817,buy,NYSE
tx_0009655,2025-06-10 09:33:53,AAPL,148.7,654,buy,NASDAQ
tx_0007496,2025-06-10 09:33:54,MCD,248.56,613,sell,NYSE
tx_0003915,2025-06-10 09:33:56,MSFT,301.46,757,sell,NASDAQ
tx_0003005,2025-06-10 09:34:00,NFLX,500.28,593,buy,NASDAQ
tx_0009384,2025-06-10 09:34:03,NVDA,203.78,969,sell,NASDAQ
tx_0009578,2025-06-10 09:34:08,ADBE,,166,buy,NASDAQ
tx_0009270,2025-06-10 09:34:12,AAPL,148.91,891,buy,NASDAQ
tx_0003752,2025-06-10 09:34:13,MSFT,301.76,961,sell,NASDAQ
tx_0007269,2025-06-10 09:34:16,PG,142.01,216,sell,NYSE
tx_0005660,2025-06-10 09:34:17,BRK.B,280.22,556,sell,NYSE
tx_0008226,2025-06-10 09:34:17,NFLX,495.3,169,buy,NASDAQ
tx_0007445,2025-06-10 09:34:18,AAPL,148.93,371,buy,NASDAQ
tx_0008607,2025-06-10 09:34:20,WMT,138.49,104,buy,NYSE
tx_0007677,2025-06-10 09:34:20,GOOGL,2813.55,504,buy,NASDAQ
tx_0008150,2025-06-10 09:34:20,NFLX,497.01,895,sell,NASDAQ
tx_0009977,2025-06-10 09:34:21,PG,141.41,144,buy,NYSE
tx_0001644,2025-06-10 09:34:21,MA,346.01,438,buy,NYSE
tx_0002953,2025-06-10 09:34:24,BRK.B,279.57,889,buy,NYSE
tx_0003346,2025-06-10 09:34:24,AAPL,150.03,693,sell,NASDAQ
tx_0004096,2025-06-10 09:34:33,MSFT,299.2,936,sell,NASDAQ
tx_0005459,2025-06-10 09:34:33,NVDA,201.5,588,sell,NASDAQ
tx_0008325,2025-06-10 09:34:38,MA,346.23,532,sell,NYSE
tx_0009091,2025-06-10 09:34:39,AMZN,3551.01,927,sell,NASDAQ
tx_0004446,2025-06-10 09:34:40,GOOGL,2829.89,445,sell,NASDAQ
tx_0002851,2025-06-10 09:34:43,FB,334.55,791,sell,NASDAQ
tx_0004223,2025-06-10 09:34:44,AAPL,150.1,907,sell,NASDAQ
tx_0004938,2025-06-10 09:34:46,PEP,150.31,509,buy,NYSE
tx_0008889,2025-06-10 09:35:02,FB,332.86,744,buy,NASDAQ
tx_0009733,2025-06-10 09:35:03,PYPL,250.0,871,buy,NASDAQ
tx_0000214,2025-06-10 09:35:10,MSFT,298.01,608,buy,NASDAQ
tx_0006203,2025-06-10 09:35:13,FB,333.52,879,sell,NASDAQ
tx_0002034,2025-06-10 09:35:15,FB,331.48,299,sell,NASDAQ
tx_0006918,2025-06-10 09:35:19,PG,141.97,634,buy,NYSE
tx_0008308,2025-06-10 09:35:20,TSLA,691.38,492,sell,NASDAQ
tx_0009754,2025-06-10 09:35:23,PEP,149.5,328,buy,NYSE
tx_0001828,2025-06-10 09:35:24,NFLX,499.05,112,buy,NASDAQ
tx_0009893,2025-06-10 09:35:24,PG,140.22,792,buy,NYSE
tx_0007801,2025-06-10 09:35:28,WMT,140.03,932,buy,NYSE
tx_0005187,2025-06-10 09:35:31,WMT,139.3,808,buy,NYSE
tx_0008124,2025-06-10 09:35:31,PEP,150.14,594,sell,NYSE
tx_0007896,2025-06-10 09:35:32,PG,139.96,642,sell,NYSE
tx_0001011,2025-06-10 09:35:32,PYPL,249.23,887,sell,NASDAQ
tx_0001445,2025-06-10 09:35:33,ADBE,601.47,813,buy,NASDAQ
tx_0009466,2025-06-10 09:35:40,JNJ,171.05,496,buy,NYSE
tx_0006848,2025-06-10 09:35:41,NVDA,203.35,179,sell,NASDAQ
tx_0007961,2025-06-10 09:35:41,PYPL,251.79,612,buy,NASDAQ
tx_0008475,2025-06-10 09:35:46,AMZN,3561.35,655,buy,NASDAQ
tx_0001113,2025-06-10 09:35:52,AMZN,3512.71,839,sell,NASDAQ
tx_0008069,2025-06-10 09:35:57,MA,348.98,999,buy,NYSE
tx_0007985,2025-06-10 09:35:59,PYPL,253.5,909,buy,NASDAQ
tx_0005507,2025-06-10 09:36:08,DIS,183.69,889,sell,NYSE
tx_0004708,2025-06-10 09:36:08,KO,55.91,385,buy,NYSE
tx_0009200,2025-06-10 09:36:09,GOOGL,2847.18,343,sell,NASDAQ
tx_0003299,2025-06-10 09:36:14,JNJ,168.84,907,sell,NYSE
tx_0004015,2025-06-10 09:36:15,JNJ,169.27,162,buy,NYSE
tx_0008573,2025-06-10 09:36:17,GOOGL,2826.52,953,buy,NASDAQ
tx_0008212,2025-06-10 09:36:18,BRK.B,276.94,273,buy,NYSE
tx_0001755,2025-06-10 09:36:18,PEP,149.97,379,buy,NYSE
tx_0003978,2025-06-10 09:36:20,NFLX,491.9,964,sell,NASDAQ
tx_0004674,2025-06-10 09:36:22,JNJ,168.22,842,sell,NYSE
tx_0002454,2025-06-10 09:36:23,MSFT,298.22,617,buy,NASDAQ
tx_0003884,2025-06-10 09:36:23,JNJ,168.29,268,sell,NYSE
tx_0005218,2025-06-10 09:36:24,MA,347.13,841,sell,NYSE
tx_0003251,2025-06-10 09:36:24,GOOGL,2867.61,542,buy,NASDAQ
tx_0009362,2025-06-10 09:36:25,KO,56.16,311,buy,NYSE
tx_0006759,2025-06-10 09:36:27,NVDA,202.02,677,sell,NASDAQ
tx_0005918,2025-06-10 09:36:31,NFLX,493.82,602,buy,NASDAQ
tx_0005986,2025-06-10 09:36:33,PG,,655,buy,NYSE
tx_0000594,2025-06-10 09:36:36,PG,142.06,504,sell,NYSE
tx_0000475,2025-06-10 09:36:37,NFLX,495.17,539,sell,NASDAQ
tx_0004899,2025-06-10 09:36:39,FB,329.89,707,buy,NASDAQ
tx_0005674,2025-06-10 09:36:39,NVDA,203.51,951,buy,NASDAQ
tx_0005855,2025-06-10 09:36:40,JNJ,169.61,210,buy,NYSE
tx_0005203,2025-06-10 09:36:42,BRK.B,280.17,554,buy,NYSE
tx_0008333,2025-06-10 09:36:45,BRK.B,280.01,955,sell,NYSE
tx_0000466,2025-06-10 09:36:45,AMZN,3550.83,743,buy,NASDAQ
tx_0000006,2025-06-10 09:36:45,V,217.74,861,buy,NYSE
tx_0003624,2025-06-10 09:36:46,AMZN,3561.55,757,buy,NASDAQ
tx_0002629,2025-06-10 09:36:48,MSFT,298.11,892,sell,NASDAQ
tx_0002799,2025-06-10 09:36:55,PG,141.12,618,buy,NYSE
tx_0002741,2025-06-10 09:36:56,AMZN,3517.48,941,sell,NASDAQ
tx_0003954,2025-06-10 09:36:56,PG,141.25,850,sell,NYSE
tx_0003679,2025-06-10 09:36:56,PEP,149.19,130,sell,NYSE
tx_0002514,2025-06-10 09:36:59,AAPL,149.65,781,buy,NASDAQ
tx_0003534,2025-06-10 09:37:00,NVDA,201.89,654,sell,NASDAQ
tx_0009597,2025-06-10 09:37:01,ADBE,606.13,927,sell,NASDAQ
tx_0007426,2025-06-10 09:37:04,BRK.B,278.36,132,sell,NYSE
tx_0001225,2025-06-10 09:37:09,DIS,181.58,148,sell,NYSE
tx_0006162,2025-06-10 09:37:18,JNJ,168.5,658,buy,NYSE
tx_0000570,2025-06-10 09:37:19,MCD,249.25,168,sell,NYSE
tx_0004155,2025-06-10 09:37:21,ADBE,613.92,841,sell,NASDAQ
tx_0009138,2025-06-10 09:37:22,GOOGL,2837.06,933,sell,NASDAQ
tx_0000368,2025-06-10 09:37:23,NFLX,493.63,946,sell,NASDAQ
tx_0000689,2025-06-10 09:37:27,NFLX,490.18,350,sell,NASDAQ
tx_0005955,2025-06-10 09:37:28,MSFT,300.03,142,buy,NASDAQ
tx_0008534,2025-06-10 09:37:31,MSFT,302.31,417,buy,NASDAQ
tx_0009570,2025-06-10 09:37:31,GOOGL,2818.62,405,buy,NASDAQ
tx_0001207,2025-06-10 09:37:32,FB,330.45,135,sell,NASDAQ
tx_0001718,2025-06-10 09:37:33,PYPL,247.38,180,sell,NASDAQ
tx_0006852,2025-06-10 09:37:33,NVDA,202.23,849,sell,NASDAQ
tx_0007365,2025-06-10 09:37:37,MSFT,298.54,332,buy,NASDAQ
tx_0000355,2025-06-10 09:37:38,NVDA,199.29,513,sell,NASDAQ
tx_0008278,2025-06-10 09:37:41,AMZN,3532.53,803,buy,NASDAQ
tx_0001835,2025-06-10 09:37:41,AMZN,3540.96,315,sell,NASDAQ
tx_0002217,2025-06-10 09:37:46,ADBE,607.53,882,buy,NASDAQ
tx_0007894,2025-06-10 09:37:46,JNJ,170.37,595,sell,NYSE
tx_0004570,2025-06-10 09:37:46,PYPL,252.02,303,buy,NASDAQ
tx_0007096,2025-06-10 09:37:49,V,219.62,190,sell,NYSE
tx_0003567,2025-06-10 09:37:49,V,218.71,811,sell,NYSE
tx_0005868,2025-06-10 09:37:50,PEP,149.06,581,sell,NYSE
tx_0009076,2025-06-10 09:37:50,PEP,148.59,419,sell,NYSE
tx_0000067,2025-06-10 09:37:53,PYPL,250.91,676,buy,NASDAQ
tx_0009430,2025-06-10 09:37:54,FB,332.19,259,sell,NASDAQ
tx_0003902,2025-06-10 09:37:56,PEP,148.94,319,sell,NYSE
tx_0009452,2025-06-10 09:38:01,V,221.21,923,buy,NYSE
tx_0005703,2025-06-10 09:38:02,JNJ,168.83,682,buy,NYSE
tx_0003893,2025-06-10 09:38:09,GOOGL,2840.06,166,sell,NASDAQ
tx_0009443,2025-06-10 09:38:10,AAPL,150.2,282,sell,NASDAQ
tx_0003062,2025-06-10 09:38:11,PYPL,249.02,761,sell,NASDAQ
tx_0001123,2025-06-10 09:38:12,MA,342.19,677,,NYSE
tx_0001657,2025-06-10 09:38:15,WMT,137.91,734,buy,NYSE
tx_0004905,2025-06-10 09:38:15,ADBE,605.68,320,sell,NASDAQ
tx_0001055,2025-06-10 09:38:20,GOOGL,2836.52,700,buy,NASDAQ
tx_0006334,2025-06-10 09:38:22,GOOGL,2857.61,947,sell,NASDAQ
tx_0006383,2025-06-10 09:38:27,DIS,181.32,882,sell,NYSE
tx_0000657,2025-06-10 09:38:29,BRK.B,278.43,166,buy,NYSE
tx_0003255,2025-06-10 09:38:29,BRK.B,281.21,946,buy,NYSE
tx_0006535,2025-06-10 09:38:34,AMZN,3560.76,289,sell,NASDAQ
tx_0005114,2025-06-10 09:38:34,PG,142.68,827,sell,NYSE
tx_0003332,2025-06-10 09:38:35,MCD,251.64,607,buy,NYSE
tx_0003262,2025-06-10 09:38:36,GOOGL,2819.65,398,sell,NASDAQ
tx_0003201,2025-06-10 09:38:37,DIS,181.07,847,buy,NYSE
tx_0001424,2025-06-10 09:38:39,JNJ,169.79,964,buy,NYSE
tx_0003127,2025-06-10 09:38:42,BRK.B,278.71,678,sell,NYSE
tx_0004650,2025-06-10 09:38:42,V,218.77,331,sell,NYSE
tx_0007195,2025-06-10 09:38:44,JNJ,168.03,535,sell,NYSE
tx_0003581,2025-06-10 09:38:47,PEP,147.36,714,sell,NYSE
tx_0009374,2025-06-10 09:38:47,NFLX,492.9,730,buy,NASDAQ
tx_0004852,2025-06-10 09:38:47,DIS,180.67,550,sell,NYSE
tx_0006898,2025-06-10 09:39:05,PG,143.61,320,buy,NYSE
tx_0003872,2025-06-10 09:39:06,NFLX,494.1,434,sell,NASDAQ
tx_0003434,2025-06-10 09:39:06,PYPL,249.68,506,buy,NASDAQ
tx_0008166,2025-06-10 09:39:08,PEP,148.79,283,sell,NYSE
tx_0000748,2025-06-10 09:39:11,V,220.07,856,sell,NYSE
tx_0009548,2025-06-10 09:39:11,PYPL,246.32,133,buy,NASDAQ
tx_0002767,2025-06-10 09:39:11,NVDA,199.86,955,buy,NASDAQ
tx_0009722,2025-06-10 09:39:13,AMZN,3565.32,102,buy,NASDAQ
tx_0007786,2025-06-10 09:39:17,WMT,139.39,599,sell,NYSE
tx_0009884,2025-06-10 09:39:20,DIS,182.59,433,sell,NYSE
tx_0001396,2025-06-10 09:39:25,KO,55.69,508,buy,NYSE
tx_0003828,2025-06-10 09:39:25,ADBE,604.16,685,sell,NASDAQ
tx_0001748,2025-06-10 09:39:26,MCD,252.21,739,sell,NYSE
tx_0002920,2025-06-10 09:39:26,AMZN,3574.63,755,sell,NASDAQ
tx_0007761,2025-06-10 09:39:31,AMZN,3560.89,587,buy,NASDAQ
tx_0005312,2025-06-10 09:39:34,PEP,147.57,655,sell,NYSE
tx_0008403,2025-06-10 09:39:36,MA,342.15,835,buy,NYSE
tx_0007396,2025-06-10 09:39:37,MCD,249.19,164,buy,NYSE
tx_0006685,2025-06-10 09:39:39,V,222.16,973,sell,NYSE
tx_0009207,2025-06-10 09:39:39,TSLA,681.94,631,sell,NASDAQ
tx_0005384,2025-06-10 09:39:42,NFLX,493.15,131,sell,NASDAQ
tx_0004433,2025-06-10 09:39:45,AAPL,149.33,854,sell,NASDAQ
tx_0000015,2025-06-10 09:39:47,NVDA,199.03,699,buy,NASDAQ
tx_0005959,2025-06-10 09:39:48,MCD,251.56,781,sell,NYSE
tx_0009266,2025-06-10 09:39:54,MSFT,300.7,802,buy,NASDAQ
tx_0006643,2025-06-10 09:40:02,MSFT,297.28,552,buy,NASDAQ
tx_0005821,2025-06-10 09:40:03,NFLX,494.0,148,buy,NASDAQ
tx_0002350,2025-06-10 09:40:04,WMT,137.19,208,buy,NYSE
tx_0008881,2025-06-10 09:40:06,MSFT,300.58,471,buy,NASDAQ
tx_0009350,2025-06-10 09:40:09,NVDA,201.56,555,sell,NASDAQ
tx_0009593,2025-06-10 09:40:10,MA,343.8,656,sell,NYSE
tx_0006296,2025-06-10 09:40:13,PG,142.41,425,buy,NYSE
tx_0005965,2025-06-10 09:40:14,V,221.79,845,buy,NYSE
tx_0005045,2025-06-10 09:40:19,PEP,148.92,608,buy,NYSE
tx_0005745,2025-06-10 09:40:20,FB,336.52,741,sell,NASDAQ
tx_0007019,2025-06-10 09:40:21,AMZN,3569.41,251,buy,NASDAQ
tx_0006734,2025-06-10 09:40:28,TSLA,689.13,837,sell,NASDAQ
tx_0009457,2025-06-10 09:40:28,FB,331.38,645,buy,NASDAQ
tx_0008602,2025-06-10 09:40:35,NFLX,497.43,738,buy,NASDAQ
tx_0002688,2025-06-10 09:40:37,NFLX,499.59,101,sell,NASDAQ
tx_0006679,2025-06-10 09:40:38,FB,333.46,695,sell,NASDAQ
tx_0000473,2025-06-10 09:40:42,DIS,180.49,510,sell,NYSE
tx_0005653,2025-06-10 09:40:44,TSLA,681.48,457,buy,NASDAQ
tx_0004602,2025-06-10 09:40:48,GOOGL,2830.0,504,sell,NASDAQ
tx_0001695,2025-06-10 09:40:49,ADBE,597.95,716,buy,NASDAQ
tx_0003091,2025-06-10 09:40:53,FB,332.11,638,sell,NASDAQ
tx_0002637,2025-06-10 09:40:55,MCD,253.56,582,buy,NYSE
tx_0004026,2025-06-10 09:40:59,NFLX,491.83,221,sell,NASDAQ
tx_0004988,2025-06-10 09:41:02,NVDA,201.64,185,buy,NASDAQ
tx_0006100,2025-06-10 09:41:04,AAPL,148.09,547,,NASDAQ
tx_0000866,2025-06-10 09:41:05,GOOGL,2830.82,910,buy,NASDAQ
tx_0009665,2025-06-10 09:41:11,MCD,252.67,110,sell,NYSE
tx_0004310,2025-06-10 09:41:12,V,222.72,615,sell,NYSE
tx_0006800,2025-06-10 09:41:16,MSFT,299.77,750,sell,NASDAQ
tx_0001539,2025-06-10 09:41:16,DIS,182.31,685,sell,NYSE
tx_0001933,2025-06-10 09:41:17,NFLX,496.23,532,sell,NASDAQ
tx_0008009,2025-06-10 09:41:22,MCD,,439,buy,NYSE
tx_0000409,2025-06-10 09:41:22,MA,339.61,832,sell,NYSE
tx_0006283,2025-06-10 09:41:22,GOOGL,2846.31,930,sell,NASDAQ
tx_0004344,2025-06-10 09:41:24,GOOGL,2843.93,510,buy,NASDAQ
tx_0009800,2025-06-10 09:41:25,NVDA,200.51,854,buy,NASDAQ
tx_0007380,2025-06-10 09:41:25,JNJ,171.76,442,sell,NYSE
tx_0002916,2025-06-10 09:41:27,PEP,150.19,211,sell,NYSE
tx_0003282,2025-06-10 09:41:30,DIS,182.25,364,buy,NYSE
tx_0004612,2025-06-10 09:41:31,PG,141.17,180,buy,NYSE
tx_0008142,2025-06-10 09:41:31,NFLX,492.52,836,buy,NASDAQ
tx_0002903,2025-06-10 09:41:31,MA,339.08,663,sell,NYSE
tx_0003639,2025-06-10 09:41:34,PG,143.1,346,buy,NYSE
tx_0005805,2025-06-10 09:41:45,NVDA,200.6,946,buy,NASDAQ
tx_0009175,2025-06-10 09:41:45,FB,333.78,572,buy,NASDAQ
tx_0003793,2025-06-10 09:41:46,GOOGL,2832.47,847,buy,NASDAQ
tx_0005475,2025-06-10 09:41:50,GOOGL,2862.17,473,sell,NASDAQ
tx_0001529,2025-06-10 09:41:51,PYPL,250.08,842,sell,NASDAQ
tx_0000485,2025-06-10 09:41:54,PYPL,249.9,362,buy,NASDAQ
tx_0004128,2025-06-10 09:41:57,BRK.B,277.67,746,buy,NYSE
tx_0003579,2025-06-10 09:42:02,PEP,147.8,648,buy,NYSE
tx_0009832,2025-06-10 09:42:03,PYPL,249.17,904,sell,NASDAQ
tx_0004773,2025-06-10 09:42:03,AMZN,3535.99,733,sell,NASDAQ
tx_0008421,2025-06-10 09:42:06,AMZN,3530.13,393,buy,NASDAQ
tx_0000875,2025-06-10 09:42:09,WMT,138.84,207,sell,NYSE
tx_0005021,2025-06-10 09:42:10,KO,56.03,650,sell,NYSE
tx_0006445,2025-06-10 09:42:10,JNJ,169.38,655,sell,NYSE
tx_0004709,2025-06-10 09:42:19,AMZN,3498.41,456,buy,NASDAQ
tx_0006739,2025-06-10 09:42:21,NVDA,198.8,143,sell,NASDAQ
tx_0002796,2025-06-10 09:42:23,MCD,252.43,451,sell,NYSE
tx_0000774,2025-06-10 09:42:30,GOOGL,2862.44,266,buy,NASDAQ
tx_0001973,2025-06-10 09:42:31,PYPL,247.58,459,buy,NASDAQ
tx_0001033,2025-06-10 09:42:32,GOOGL,2815.54,596,buy,NASDAQ
tx_0006931,2025-06-10 09:42:35,PYPL,247.42,487,sell,NASDAQ
tx_0006730,2025-06-10 09:42:35,TSLA,687.54,514,sell,NASDAQ
tx_0009428,2025-06-10 09:42:38,AMZN,3498.33,622,buy,NASDAQ
tx_0009463,2025-06-10 09:42:41,DIS,180.5,466,buy,NYSE
tx_0005118,2025-06-10 09:42:47,DIS,180.45,194,sell,NYSE
tx_0004823,2025-06-10 09:42:48,GOOGL,2850.37,314,sell,NASDAQ
tx_0004592,2025-06-10 09:42:49,AMZN,3525.74,312,sell,NASDAQ
tx_0007372,2025-06-10 09:42:51,BRK.B,276.39,701,buy,NYSE
tx_0000247,2025-06-10 09:42:51,NVDA,202.41,248,buy,NASDAQ
tx_0002826,2025-06-10 09:42:52,PYPL,251.47,816,buy,NASDAQ
tx_0005357,2025-06-10 09:42:54,NFLX,494.5,546,buy,NASDAQ
tx_0008852,2025-06-10 09:42:58,MA,344.17,334,buy,NYSE
tx_0006159,2025-06-10 09:42:59,BRK.B,276.14,870,sell,NYSE
tx_0008571,2025-06-10 09:43:02,NVDA,202.21,375,buy,NASDAQ
tx_0008544,2025-06-10 09:43:05,ADBE,597.7,811,buy,NASDAQ
tx_0007150,2025-06-10 09:43:08,MA,339.28,149,sell,NYSE
tx_0000893,2025-06-10 09:43:12,AMZN,3548.7,200,buy,NASDAQ
tx_0001919,2025-06-10 09:43:20,JNJ,169.77,817,sell,NYSE
tx_0003065,2025-06-10 09:43:27,ADBE,595.85,683,buy,NASDAQ
tx_0003151,2025-06-10 09:43:29,PYPL,251.51,623,sell,NASDAQ
tx_0004827,2025-06-10 09:43:31,MA,343.01,534,buy,NYSE
tx_0000266,2025-06-10 09:43:33,GOOGL,2855.94,930,sell,NASDAQ
tx_0002836,2025-06-10 09:43:33,ADBE,601.03,998,sell,NASDAQ
tx_0008575,2025-06-10 09:43:34,NFLX,496.2,354,buy,NASDAQ
tx_0008616,2025-06-10 09:43:36,ADBE,597.66,405,buy,NASDAQ
tx_0004156,2025-06-10 09:43:41,V,219.19,994,buy,NYSE
tx_0000144,2025-06-10 09:43:42,JNJ,168.98,412,sell,NYSE
tx_0001724,2025-06-10 09:43:44,TSLA,688.6,984,buy,NASDAQ
tx_0005446,2025-06-10 09:43:46,MA,338.68,497,buy,NYSE
tx_0000863,2025-06-10 09:43:50,BRK.B,275.41,237,sell,NYSE
tx_0004419,2025-06-10 09:43:52,MCD,251.55,328,sell,NYSE
tx_0007699,2025-06-10 09:44:02,PEP,149.5,514,sell,NYSE
tx_0008504,2025-06-10 09:44:03,ADBE,598.08,174,buy,NASDAQ
tx_0002656,2025-06-10 09:44:06,BRK.B,274.49,686,buy,NYSE
tx_0007856,2025-06-10 09:44:07,AAPL,149.37,829,buy,NASDAQ
tx_0003365,2025-06-10 09:44:10,NFLX,500.06,368,buy,NASDAQ
tx_0008788,2025-06-10 09:44:13,NFLX,498.68,164,sell,NASDAQ
tx_0006549,2025-06-10 09:44:16,JNJ,169.94,274,sell,NYSE
tx_0001869,2025-06-10 09:44:17,JNJ,170.07,963,sell,NYSE
tx_0003362,2025-06-10 09:44:19,MCD,252.8,391,buy,NYSE
tx_0007296,2025-06-10 09:44:21,V,221.91,613,buy,NYSE
tx_0007729,2025-06-10 09:44:28,PG,141.63,218,buy,NYSE
tx_0008608,2025-06-10 09:44:29,PG,143.7,532,sell,NYSE
tx_0000009,2025-06-10 09:44:29,MSFT,300.6,736,sell,NASDAQ
tx_0005721,2025-06-10 09:44:31,MA,345.55,905,sell,NYSE
tx_0008422,2025-06-10 09:44:32,MA,345.85,160,sell,NYSE
tx_0001612,2025-06-10 09:44:33,MSFT,302.63,148,sell,NASDAQ
tx_0002119,2025-06-10 09:44:33,GOOGL,2871.7,688,sell,NASDAQ
tx_0000084,2025-06-10 09:44:33,GOOGL,2831.2,132,sell,NASDAQ
tx_0007675,2025-06-10 09:44:34,KO,55.6,807,buy,NYSE
tx_0002269,2025-06-10 09:44:35,TSLA,693.66,302,buy,NASDAQ
tx_0002982,2025-06-10 09:44:36,MCD,249.59,220,buy,NYSE
tx_0008331,2025-06-10 09:44:37,PG,141.07,484,sell,NYSE
tx_0009439,2025-06-10 09:44:37,FB,332.99,460,buy,NASDAQ
tx_0008570,2025-06-10 09:44:40,BRK.B,273.77,682,buy,NYSE
tx_0004322,2025-06-10 09:44:43,PYPL,248.99,344,sell,NASDAQ
tx_0001605,2025-06-10 09:44:46,FB,332.64,460,buy,NASDAQ
tx_0009971,2025-06-10 09:44:50,TSLA,693.29,483,sell,NASDAQ
tx_0002229,2025-06-10 09:44:51,AAPL,146.87,306,buy,NASDAQ
tx_0007147,2025-06-10 09:44:56,BRK.B,275.06,392,buy,NYSE
tx_0003526,2025-06-10 09:44:59,AAPL,147.12,309,sell,NASDAQ
tx_0009245,2025-06-10 09:44:59,PG,141.38,157,buy,NYSE
tx_0005784,2025-06-10 09:45:00,JNJ,169.19,264,sell,NYSE
tx_0006497,2025-06-10 09:45:03,NFLX,493.08,714,sell,NASDAQ
tx_0000257,2025-06-10 09:45:03,KO,56.19,641,buy,NYSE
tx_0008259,2025-06-10 09:45:06,DIS,180.68,607,sell,NYSE
tx_0003878,2025-06-10 09:45:11,MSFT,303.85,486,buy,NASDAQ
tx_0007204,2025-06-10 09:45:15,WMT,138.99,803,sell,NYSE
tx_0007235,2025-06-10 09:45:19,BRK.B,276.04,342,buy,NYSE
tx_0006561,2025-06-10 09:45:20,KO,56.02,966,sell,NYSE
tx_0007752,2025-06-10 09:45:22,JNJ,169.83,457,sell,
tx_0000892,2025-06-10 09:45:22,GOOGL,2823.5,945,buy,NASDAQ
tx_0007748,2025-06-10 09:45:23,GOOGL,2822.93,556,buy,NASDAQ
tx_0002345,2025-06-10 09:45:23,NVDA,203.29,214,buy,NASDAQ
tx_0001344,2025-06-10 09:45:28,TSLA,695.43,258,buy,NASDAQ
tx_0004528,2025-06-10 09:45:29,V,217.89,476,buy,NYSE
tx_0000526,2025-06-10 09:45:34,PYPL,249.26,771,buy,NASDAQ
tx_0007018,2025-06-10 09:45:39,NVDA,202.97,200,buy,NASDAQ
tx_0006071,2025-06-10 09:45:42,MCD,251.69,614,buy,NYSE
tx_0006832,2025-06-10 09:45:50,AAPL,147.11,695,buy,NASDAQ
tx_0003984,2025-06-10 09:45:51,PG,144.01,677,buy,NYSE
tx_0004511,2025-06-10 09:45:54,NFLX,493.91,979,sell,NASDAQ
tx_0001834,2025-06-10 09:46:00,PYPL,246.11,555,buy,NASDAQ
tx_0005300,2025-06-10 09:46:03,FB,330.23,966,buy,NASDAQ
tx_0000057,2025-06-10 09:46:08,PG,143.81,932,buy,NYSE
tx_0003407,2025-06-10 09:46:10,MCD,252.9,768,sell,NYSE
tx_0008827,2025-06-10 09:46:14,MSFT,303.22,473,buy,NASDAQ
tx_0008668,2025-06-10 09:46:14,MCD,251.71,775,buy,NYSE
tx_0005752,2025-06-10 09:46:15,V,219.99,986,sell,NYSE
tx_0007855,2025-06-10 09:46:18,MCD,250.78,227,buy,NYSE
tx_0004722,2025-06-10 09:46:19,AAPL,148.16,436,buy,NASDAQ
tx_0000332,2025-06-10 09:46:22,KO,,377,sell,NYSE
tx_0001364,2025-06-10 09:46:25,MSFT,303.82,836,buy,
tx_0001154,2025-06-10 09:46:33,NVDA,201.38,357,buy,NASDAQ
tx_0003539,2025-06-10 09:46:34,FB,334.83,890,buy,NASDAQ
tx_0007862,2025-06-10 09:46:36,FB,329.42,206,buy,NASDAQ
tx_0002616,2025-06-10 09:46:39,ADBE,607.83,244,sell,NASDAQ
tx_0000197,2025-06-10 09:46:50,ADBE,599.41,233,sell,NASDAQ
tx_0004411,2025-06-10 09:46:52,NVDA,202.5,744,buy,NASDAQ
tx_0000243,2025-06-10 09:46:57,MA,347.41,278,buy,NYSE
tx_0007629,2025-06-10 09:47:01,ADBE,608.92,180,sell,NASDAQ
tx_0009933,2025-06-10 09:47:01,AAPL,147.0,236,sell,NASDAQ
tx_0000119,2025-06-10 09:47:02,AAPL,,447,sell,NASDAQ
tx_0003216,2025-06-10 09:47:05,WMT,139.52,429,sell,NYSE
tx_0003545,2025-06-10 09:47:05,NFLX,495.61,297,buy,NASDAQ
tx_0003347,2025-06-10 09:47:06,MSFT,306.26,195,sell,NASDAQ
tx_0001739,2025-06-10 09:47:06,ADBE,600.64,599,sell,NASDAQ
tx_0000822,2025-06-10 09:47:08,DIS,181.66,665,buy,NYSE
tx_0007504,2025-06-10 09:47:12,GOOGL,2832.99,804,buy,NASDAQ
tx_0004540,2025-06-10 09:47:12,AAPL,147.64,224,buy,NASDAQ
tx_0009230,2025-06-10 09:47:12,MSFT,305.6,729,sell,NASDAQ
tx_0007178,2025-06-10 09:47:13,NFLX,496.15,152,buy,NASDAQ
tx_0007141,2025-06-10 09:47:16,GOOGL,2849.56,147,buy,NASDAQ
tx_0001725,2025-06-10 09:47:16,WMT,139.58,496,sell,NYSE
tx_0009241,2025-06-10 09:47:18,AMZN,3533.16,771,sell,NASDAQ
tx_0009178,2025-06-10 09:47:19,BRK.B,277.55,100,sell,NYSE
tx_0006784,2025-06-10 09:47:21,MCD,249.58,372,sell,NYSE
tx_0004889,2025-06-10 09:47:26,PEP,151.87,803,buy,NYSE
tx_0004211,2025-06-10 09:47:26,NFLX,497.64,752,sell,NASDAQ
tx_0008755,2025-06-10 09:47:27,ADBE,608.8,971,sell,NASDAQ
tx_0002961,2025-06-10 09:47:30,ADBE,603.58,933,buy,NASDAQ
tx_0008636,2025-06-10 09:47:30,TSLA,684.59,648,buy,NASDAQ
tx_0003554,2025-06-10 09:47:31,GOOGL,2820.33,385,sell,NASDAQ
tx_0002779,2025-06-10 09:47:38,MCD,250.34,604,,NYSE
tx_0006829,2025-06-10 09:47:42,V,217.78,854,sell,NYSE
tx_0000401,2025-06-10 09:47:55,BRK.B,278.56,217,buy,NYSE
tx_0006693,2025-06-10 09:47:55,PEP,151.29,466,buy,NYSE
tx_0009959,2025-06-10 09:47:56,BRK.B,279.06,694,sell,NYSE
tx_0000037,2025-06-10 09:47:57,PYPL,248.16,407,sell,NASDAQ
tx_0000370,2025-06-10 09:48:01,AMZN,3507.5,311,buy,NASDAQ
tx_0009189,2025-06-10 09:48:04,PG,143.36,214,buy,NYSE
tx_0004452,2025-06-10 09:48:08,JNJ,167.32,509,buy,NYSE
tx_0008629,2025-06-10 09:48:09,ADBE,601.3,983,sell,NASDAQ
tx_0000343,2025-06-10 09:48:09,MCD,250.25,376,sell,NYSE
tx_0001717,2025-06-10 09:48:14,KO,55.9,542,sell,NYSE
tx_0002506,2025-06-10 09:48:16,ADBE,607.88,142,sell,NASDAQ
tx_0000927,2025-06-10 09:48:16,V,220.25,893,sell,NYSE
tx_0006004,2025-06-10 09:48:22,MCD,251.02,745,sell,NYSE
tx_0007782,2025-06-10 09:48:25,MA,343.88,334,buy,NYSE
tx_0003719,2025-06-10 09:48:29,MSFT,306.18,318,buy,NASDAQ
tx_0001806,2025-06-10 09:48:29,KO,55.19,311,sell,NYSE
tx_0006539,2025-06-10 09:48:30,DIS,181.95,509,buy,NYSE
tx_0002496,2025-06-10 09:48:38,PG,144.15,418,sell,NYSE
tx_0008646,2025-06-10 09:48:38,PG,144.17,777,buy,NYSE
tx_0000708,2025-06-10 09:48:42,MCD,249.75,681,sell,NYSE
tx_0009828,2025-06-10 09:48:45,AAPL,148.95,583,buy,NASDAQ
tx_0003173,2025-06-10 09:48:47,MA,347.1,620,buy,NYSE
tx_0000049,2025-06-10 09:48:50,BRK.B,280.5,240,buy,NYSE
tx_0001493,2025-06-10 09:48:53,AMZN,3478.77,226,sell,NASDAQ
tx_0003183,2025-06-10 09:48:55,DIS,180.75,223,buy,NYSE
tx_0000480,2025-06-10 09:48:59,GOOGL,2851.6,553,sell,NASDAQ
tx_0000677,2025-06-10 09:49:03,V,221.64,411,sell,NYSE
tx_0005479,2025-06-10 09:49:04,MSFT,302.88,624,sell,NASDAQ
tx_0001524,2025-06-10 09:49:07,NFLX,491.88,597,buy,NASDAQ
tx_0004143,2025-06-10 09:49:09,TSLA,690.2,663,buy,NASDAQ
tx_0004193,2025-06-10 09:49:11,BRK.B,276.57,910,buy,NYSE
tx_0005505,2025-06-10 09:49:13,PYPL,249.25,846,sell,NASDAQ
tx_0008202,2025-06-10 09:49:15,WMT,137.44,239,sell,NYSE
tx_0006841,2025-06-10 09:49:19,AMZN,3473.23,215,buy,NASDAQ
tx_0007688,2025-06-10 09:49:24,ADBE,599.08,912,sell,NASDAQ
tx_0006542,2025-06-10 09:49:30,AAPL,147.38,142,sell,NASDAQ
tx_0002993,2025-06-10 09:49:32,MA,348.21,408,buy,NYSE
tx_0004435,2025-06-10 09:49:34,JNJ,,434,buy,NYSE
tx_0009740,2025-06-10 09:49:37,AAPL,148.05,928,buy,NASDAQ
tx_0007402,2025-06-10 09:49:37,KO,54.87,567,buy,NYSE
tx_0007753,2025-06-10 09:49:52,GOOGL,2835.17,144,sell,NASDAQ
tx_0001759,2025-06-10 09:49:55,PEP,151.32,767,buy,NYSE
tx_0008838,2025-06-10 09:49:56,JNJ,170.91,453,buy,NYSE
tx_0000267,2025-06-10 09:50:03,ADBE,603.26,358,buy,NASDAQ
tx_0008761,2025-06-10 09:50:03,FB,327.33,188,buy,NASDAQ
tx_0000784,2025-06-10 09:50:05,AMZN,3490.07,692,sell,NASDAQ
tx_0008304,2025-06-10 09:50:06,AAPL,146.87,789,sell,NASDAQ
tx_0006540,2025-06-10 09:50:08,BRK.B,277.27,679,sell,NYSE
tx_0004357,2025-06-10 09:50:14,AAPL,149.53,919,sell,NASDAQ
tx_0008815,2025-06-10 09:50:19,AAPL,149.27,628,buy,NASDAQ
tx_0004013,2025-06-10 09:50:21,PG,143.86,790,buy,NYSE
tx_0004634,2025-06-10 09:50:21,NVDA,202.67,867,sell,NASDAQ
tx_0006802,2025-06-10 09:50:21,KO,55.29,451,sell,NYSE
tx_0007146,2025-06-10 09:50:24,FB,329.3,334,buy,NASDAQ
tx_0002485,2025-06-10 09:50:25,WMT,139.01,264,sell,NYSE
tx_0006998,2025-06-10 09:50:26,PEP,152.8,797,buy,NYSE
tx_0000937,2025-06-10 09:50:27,WMT,138.14,332,sell,NYSE
tx_0002045,2025-06-10 09:50:32,V,221.73,910,sell,NYSE
tx_0008485,2025-06-10 09:50:32,KO,54.63,785,buy,NYSE
tx_0004655,2025-06-10 09:50:35,MA,345.65,212,buy,NYSE
tx_0009509,2025-06-10 09:50:35,NFLX,490.06,842,sell,NASDAQ
tx_0007578,2025-06-10 09:50:40,FB,330.19,984,buy,NASDAQ
tx_0002935,2025-06-10 09:50:41,V,220.58,135,buy,NYSE
tx_0000704,2025-06-10 09:50:44,PEP,151.84,402,,NYSE
tx_0000527,2025-06-10 09:50:46,BRK.B,278.63,192,buy,NYSE
tx_0006847,2025-06-10 09:50:49,MA,348.55,731,sell,NYSE
tx_0008216,2025-06-10 09:50:49,PEP,152.31,648,buy,NYSE
tx_0002902,2025-06-10 09:50:52,WMT,137.84,884,sell,NYSE
tx_0002204,2025-06-10 09:50:57,PG,144.58,831,sell,NYSE
tx_0003470,2025-06-10 09:51:00,TSLA,693.71,511,sell,NASDAQ
tx_0005097,2025-06-10 09:51:03,TSLA,693.17,472,buy,NASDAQ
tx_0004160,2025-06-10 09:51:03,ADBE,601.31,490,buy,NASDAQ
tx_0009745,2025-06-10 09:51:06,V,222.45,315,sell,NYSE
tx_0003783,2025-06-10 09:51:08,GOOGL,2843.46,331,sell,NASDAQ
tx_0008282,2025-06-10 09:51:09,JNJ,171.23,391,sell,NYSE
tx_0001937,2025-06-10 09:51:10,TSLA,689.54,166,buy,NASDAQ
tx_0002694,2025-06-10 09:51:10,ADBE,610.79,607,buy,NASDAQ
tx_0006614,2025-06-10 09:51:13,TSLA,695.77,594,buy,NASDAQ
tx_0003146,2025-06-10 09:51:17,PEP,149.89,824,buy,NYSE
tx_0002503,2025-06-10 09:51:19,NVDA,202.52,746,sell,NASDAQ
tx_0001102,2025-06-10 09:51:23,PYPL,248.76,532,buy,NASDAQ
tx_0004627,2025-06-10 09:51:24,GOOGL,2836.83,881,buy,NASDAQ
tx_0003593,2025-06-10 09:51:27,FB,326.9,755,buy,NASDAQ
tx_0008716,2025-06-10 09:51:28,AAPL,147.68,676,sell,NASDAQ
tx_0007529,2025-06-10 09:51:28,V,222.0,444,sell,NYSE
tx_0006511,2025-06-10 09:51:32,V,221.65,191,sell,NYSE
tx_0005861,2025-06-10 09:51:38,PYPL,248.7,311,buy,NASDAQ
tx_0000734,2025-06-10 09:51:39,DIS,178.2,862,sell,NYSE
tx_0003501,2025-06-10 09:51:43,KO,55.1,774,buy,NYSE
tx_0000194,2025-06-10 09:51:44,BRK.B,279.91,531,sell,NYSE
tx_0007180,2025-06-10 09:51:48,AMZN,3499.2,577,sell,NASDAQ
tx_0004281,2025-06-10 09:51:51,NVDA,199.93,205,buy,NASDAQ
tx_0002162,2025-06-10 09:51:51,GOOGL,2808.67,658,buy,NASDAQ
tx_0009717,2025-06-10 09:51:58,TSLA,696.68,671,sell,NASDAQ
tx_0005087,2025-06-10 09:52:00,MCD,252.24,915,sell,NYSE
tx_0007452,2025-06-10 09:52:04,MSFT,298.75,558,sell,NASDAQ
tx_0008123,2025-06-10 09:52:08,MA,346.18,593,sell,NYSE
tx_0003021,2025-06-10 09:52:08,GOOGL,2835.32,375,buy,NASDAQ
tx_0008750,2025-06-10 09:52:09,MSFT,300.16,393,buy,NASDAQ
tx_0004319,2025-06-10 09:52:10,V,220.65,420,sell,NYSE
tx_0005532,2025-06-10 09:52:18,PEP,152.53,467,buy,NYSE
tx_0006461,2025-06-10 09:52:20,PYPL,247.44,765,buy,NASDAQ
tx_0002431,2025-06-10 09:52:21,NFLX,487.26,939,buy,NASDAQ
tx_0002023,2025-06-10 09:52:24,ADBE,600.74,665,sell,NASDAQ
tx_0002675,2025-06-10 09:52:28,BRK.B,278.92,613,sell,NYSE
tx_0001685,2025-06-10 09:52:28,JNJ,169.23,153,sell,NYSE
tx_0002756,2025-06-10 09:52:30,FB,326.79,298,sell,NASDAQ
tx_0001887,2025-06-10 09:52:31,DIS,180.08,642,buy,NYSE
tx_0006618,2025-06-10 09:52:50,MSFT,303.64,928,buy,NASDAQ
tx_0003913,2025-06-10 09:52:52,AMZN,3541.96,262,buy,NASDAQ
tx_0008285,2025-06-10 09:52:56,PEP,151.92,873,sell,NYSE
tx_0002090,2025-06-10 09:52:56,BRK.B,279.31,169,sell,NYSE
tx_0004599,2025-06-10 09:53:01,JNJ,169.49,186,buy,NYSE
tx_0007229,2025-06-10 09:53:03,ADBE,609.55,926,buy,NASDAQ
tx_0002482,2025-06-10 09:53:03,PYPL,249.81,261,buy,NASDAQ
tx_0002403,2025-06-10 09:53:03,GOOGL,2838.21,497,sell,NASDAQ
tx_0005461,2025-06-10 09:53:05,MCD,250.76,525,buy,NYSE
tx_0005206,2025-06-10 09:53:07,DIS,177.7,606,buy,NYSE
tx_0008626,2025-06-10 09:53:07,BRK.B,278.5,245,sell,NYSE
tx_0008675,2025-06-10 09:53:10,BRK.B,278.64,658,buy,NYSE
tx_0007383,2025-06-10 09:53:12,KO,54.42,868,sell,NYSE
tx_0000338,2025-06-10 09:53:20,PG,143.68,819,sell,NYSE
tx_0000750,2025-06-10 09:53:21,FB,331.72,823,sell,NASDAQ
tx_0009777,2025-06-10 09:53:23,AAPL,150.37,769,sell,NASDAQ
tx_0000624,2025-06-10 09:53:23,JNJ,170.38,565,buy,NYSE
tx_0006834,2025-06-10 09:53:25,GOOGL,2809.07,301,sell,NASDAQ
tx_0001339,2025-06-10 09:53:25,MA,343.74,755,sell,NYSE
tx_0001666,2025-06-10 09:53:38,MA,349.92,568,buy,NYSE
tx_0001216,2025-06-10 09:53:41,PEP,150.67,410,buy,NYSE
tx_0000177,2025-06-10 09:53:43,V,220.85,164,sell,NYSE
tx_0009291,2025-06-10 09:53:49,WMT,139.13,141,buy,NYSE
tx_0007797,2025-06-10 09:53:50,MSFT,298.34,324,sell,NASDAQ
tx_0004492,2025-06-10 09:53:53,FB,327.21,496,buy,NASDAQ
tx_0004593,2025-06-10 09:53:53,PEP,150.89,876,buy,NYSE
tx_0008743,2025-06-10 09:53:55,GOOGL,2827.89,289,sell,NASDAQ
tx_0004543,2025-06-10 09:54:00,NVDA,201.43,130,sell,NASDAQ
tx_0003980,2025-06-10 09:54:01,MCD,254.08,638,buy,NYSE
tx_0007600,2025-06-10 09:54:05,AAPL,150.44,257,sell,NASDAQ
tx_0001480,2025-06-10 09:54:06,NFLX,494.1,608,buy,NASDAQ
tx_0007658,2025-06-10 09:54:07,MCD,253.19,534,buy,NYSE
tx_0006503,2025-06-10 09:54:09,NFLX,493.98,768,buy,NASDAQ
tx_0007272,2025-06-10 09:54:11,ADBE,608.49,461,sell,NASDAQ
tx_0008228,2025-06-10 09:54:12,JNJ,167.7,891,buy,NYSE
tx_0003785,2025-06-10 09:54:13,DIS,179.56,212,buy,NYSE
tx_0003076,2025-06-10 09:54:20,BRK.B,280.99,959,sell,NYSE
tx_0001401,2025-06-10 09:54:20,KO,54.55,594,sell,NYSE
tx_0002604,2025-06-10 09:54:22,MCD,251.89,660,sell,NYSE
tx_0001412,2025-06-10 09:54:23,AMZN,3487.89,907,buy,NASDAQ
tx_0002807,2025-06-10 09:54:31,V,223.44,738,buy,NYSE
tx_0000752,2025-06-10 09:54:37,NVDA,197.22,955,buy,NASDAQ
tx_0002563,2025-06-10 09:54:37,PG,143.86,400,sell,NYSE
tx_0005937,2025-06-10 09:54:40,MCD,254.9,753,buy,NYSE
tx_0005739,2025-06-10 09:54:41,NVDA,198.14,662,sell,NASDAQ
tx_0008164,2025-06-10 09:54:44,AMZN,3471.05,997,sell,NASDAQ
tx_0000365,2025-06-10 09:54:45,MA,347.83,824,buy,NYSE
tx_0006882,2025-06-10 09:54:49,MSFT,303.64,970,sell,NASDAQ
tx_0005932,2025-06-10 09:54:50,BRK.B,280.16,548,buy,NYSE
tx_0005750,2025-06-10 09:54:51,V,222.27,373,,NYSE
tx_0005910,2025-06-10 09:54:52,PEP,151.28,116,buy,NYSE
tx_0000531,2025-06-10 09:54:58,FB,325.79,935,buy,NASDAQ
tx_0000859,2025-06-10 09:54:59,AAPL,150.86,690,sell,NASDAQ
tx_0002781,2025-06-10 09:55:03,AAPL,150.94,492,sell,NASDAQ
tx_0000375,2025-06-10 09:55:04,ADBE,610.02,976,sell,NASDAQ
tx_0003387,2025-06-10 09:55:06,V,221.73,606,buy,NYSE
tx_0005165,2025-06-10 09:55:08,MSFT,299.78,402,buy,NASDAQ
tx_0003200,2025-06-10 09:55:11,FB,332.09,198,buy,NASDAQ
tx_0009679,2025-06-10 09:55:17,PG,144.26,557,buy,NYSE
tx_0004484,2025-06-10 09:55:21,V,223.04,303,buy,NYSE
tx_0003662,2025-06-10 09:55:21,MA,350.05,807,sell,NYSE
tx_0002819,2025-06-10 09:55:22,AAPL,150.33,144,buy,NASDAQ
tx_0008600,2025-06-10 09:55:26,ADBE,600.23,366,sell,NASDAQ
tx_0008693,2025-06-10 09:55:27,V,222.34,821,sell,NYSE
tx_0001669,2025-06-10 09:55:28,GOOGL,2807.4,806,buy,NASDAQ
tx_0003484,2025-06-10 09:55:30,TSLA,696.58,781,buy,NASDAQ
tx_0009623,2025-06-10 09:55:31,AAPL,148.55,141,sell,NASDAQ
tx_0003402,2025-06-10 09:55:32,GOOGL,2815.27,901,sell,NASDAQ
tx_0003839,2025-06-10 09:55:33,DIS,177.96,553,sell,NYSE
tx_0004051,2025-06-10 09:55:35,AMZN,3474.67,159,buy,NASDAQ
tx_0004098,2025-06-10 09:55:40,ADBE,599.58,645,buy,NASDAQ
tx_0002398,2025-06-10 09:55:41,KO,55.38,881,buy,NYSE
tx_0007001,2025-06-10 09:55:42,JNJ,170.0,738,sell,NYSE
tx_0009286,2025-06-10 09:55:46,WMT,139.0,515,sell,NYSE
tx_0008645,2025-06-10 09:55:51,AAPL,150.55,480,buy,NASDAQ
tx_0008307,2025-06-10 09:55:59,GOOGL,2823.31,384,buy,NASDAQ
tx_0000611,2025-06-10 09:56:02,PYPL,249.67,594,sell,NASDAQ
tx_0004176,2025-06-10 09:56:03,AMZN,3520.4,324,buy,NASDAQ
tx_0004515,2025-06-10 09:56:04,MA,350.43,361,sell,NYSE
tx_0004733,2025-06-10 09:56:05,ADBE,598.76,918,sell,NASDAQ
tx_0007120,2025-06-10 09:56:10,V,223.43,862,sell,NYSE
tx_0005053,2025-06-10 09:56:12,TSLA,702.12,284,sell,NASDAQ
tx_0003101,2025-06-10 09:56:14,GOOGL,2800.05,737,buy,NASDAQ
tx_0002997,2025-06-10 09:56:16,AMZN,3490.32,207,sell,NASDAQ
tx_0006298,2025-06-10 09:56:21,MA,350.85,689,sell,NYSE
tx_0001527,2025-06-10 09:56:21,BRK.B,279.72,622,buy,NYSE
tx_0007971,2025-06-10 09:56:21,MCD,251.63,113,buy,NYSE
tx_0006459,2025-06-10 09:56:24,PG,142.98,992,sell,NYSE
tx_0002987,2025-06-10 09:56:24,FB,324.47,913,buy,NASDAQ
tx_0002030,2025-06-10 09:56:33,FB,,516,sell,NASDAQ
tx_0001333,2025-06-10 09:56:34,ADBE,603.98,562,sell,NASDAQ
tx_0008683,2025-06-10 09:56:35,MCD,253.89,324,buy,NYSE
tx_0001023,2025-06-10 09:56:41,ADBE,597.78,703,sell,NASDAQ
tx_0006605,2025-06-10 09:56:45,PYPL,248.04,408,buy,NASDAQ
tx_0003339,2025-06-10 09:56:47,PG,143.52,301,buy,NYSE
tx_0001298,2025-06-10 09:56:49,BRK.B,282.34,821,sell,NYSE
tx_0007710,2025-06-10 09:56:53,PEP,152.36,414,sell,NYSE
tx_0005500,2025-06-10 09:56:54,FB,329.33,371,sell,NASDAQ
tx_0006384,2025-06-10 09:56:55,AMZN,3483.2,731,sell,NASDAQ
tx_0000263,2025-06-10 09:56:55,FB,327.08,883,buy,NASDAQ
tx_0003448,2025-06-10 09:56:56,DIS,179.96,129,sell,NYSE
tx_0007514,2025-06-10 09:57:00,MSFT,303.21,887,sell,NASDAQ
tx_0009545,2025-06-10 09:57:07,MSFT,299.61,989,sell,NASDAQ
tx_0004234,2025-06-10 09:57:09,KO,55.37,545,buy,NYSE
tx_0005072,2025-06-10 09:57:11,KO,55.17,216,sell,NYSE
tx_0007340,2025-06-10 09:57:11,AAPL,149.61,602,sell,NASDAQ
tx_0002260,2025-06-10 09:57:15,BRK.B,279.14,373,sell,NYSE
tx_0002492,2025-06-10 09:57:16,WMT,139.68,400,buy,NYSE
tx_0008007,2025-06-10 09:57:19,JNJ,171.23,947,sell,NYSE
tx_0008564,2025-06-10 09:57:21,MSFT,301.9,950,sell,NASDAQ
tx_0008371,2025-06-10 09:57:22,KO,55.32,788,sell,NYSE
tx_0005270,2025-06-10 09:57:24,V,221.1,823,buy,NYSE
tx_0004368,2025-06-10 09:57:25,AMZN,3499.57,290,sell,NASDAQ
tx_0008617,2025-06-10 09:57:30,KO,55.44,545,buy,NYSE
tx_0004144,2025-06-10 09:57:31,AAPL,148.05,193,sell,NASDAQ
tx_0001545,2025-06-10 09:57:32,ADBE,606.04,696,buy,NASDAQ
tx_0009758,2025-06-10 09:57:34,DIS,177.5,731,sell,NYSE
tx_0009336,2025-06-10 09:57:46,MSFT,301.91,872,buy,NASDAQ
tx_0008054,2025-06-10 09:57:47,TSLA,696.48,997,sell,NASDAQ
tx_0003807,2025-06-10 09:57:48,MSFT,301.06,383,buy,NASDAQ
tx_0008338,2025-06-10 09:57:53,AAPL,149.93,144,sell,NASDAQ
tx_0007223,2025-06-10 09:57:54,TSLA,688.44,181,sell,NASDAQ
tx_0002550,2025-06-10 09:57:55,V,223.76,109,sell,NYSE
tx_0007759,2025-06-10 09:57:56,ADBE,603.99,901,sell,NASDAQ
tx_0008908,2025-06-10 09:57:59,TSLA,696.64,546,buy,NASDAQ
tx_0009606,2025-06-10 09:58:00,JNJ,169.22,675,buy,NYSE
tx_0009385,2025-06-10 09:58:04,AMZN,3489.74,911,buy,NASDAQ
tx_0002812,2025-06-10 09:58:09,KO,55.47,450,buy,NYSE
tx_0002476,2025-06-10 09:58:09,BRK.B,280.07,719,sell,NYSE
tx_0004692,2025-06-10 09:58:11,FB,326.1,461,buy,NASDAQ
tx_0003428,2025-06-10 09:58:13,KO,55.3,639,buy,NYSE
tx_0005190,2025-06-10 09:58:16,BRK.B,281.88,361,sell,NYSE
tx_0003001,2025-06-10 09:58:17,AMZN,3520.93,693,buy,NASDAQ
tx_0003276,2025-06-10 09:58:18,KO,55.71,691,buy,NYSE
tx_0001407,2025-06-10 09:58:23,MCD,255.29,601,sell,NYSE
tx_0007656,2025-06-10 09:58:28,MSFT,301.81,966,buy,NASDAQ
tx_0000680,2025-06-10 09:58:34,DIS,176.44,656,sell,NYSE
tx_0009234,2025-06-10 09:58:35,DIS,178.69,413,sell,NYSE
tx_0003684,2025-06-10 09:58:38,PEP,153.35,746,buy,NYSE
tx_0001980,2025-06-10 09:58:44,AMZN,3463.44,682,sell,NASDAQ
tx_0005537,2025-06-10 09:58:46,PYPL,247.74,555,buy,NASDAQ
tx_0000223,2025-06-10 09:58:46,V,222.93,813,buy,NYSE
tx_0009838,2025-06-10 09:58:46,MCD,253.31,343,buy,NYSE
tx_0005806,2025-06-10 09:58:53,PG,145.25,193,buy,NYSE
tx_0002917,2025-06-10 09:58:55,PEP,153.83,276,buy,NYSE
tx_0007886,2025-06-10 09:58:56,NFLX,489.27,682,sell,NASDAQ
tx_0009327,2025-06-10 09:59:04,PYPL,247.99,521,buy,NASDAQ
tx_0002425,2025-06-10 09:59:04,NFLX,493.47,699,buy,NASDAQ
tx_0009184,2025-06-10 09:59:05,PYPL,249.66,800,buy,NASDAQ
tx_0008133,2025-06-10 09:59:06,AMZN,3475.42,593,buy,NASDAQ
tx_0001969,2025-06-10 09:59:08,ADBE,604.6,907,buy,NASDAQ
tx_0004365,2025-06-10 09:59:08,MCD,251.78,485,buy,NYSE
tx_0002827,2025-06-10 09:59:10,PEP,152.91,889,buy,NYSE
tx_0009568,2025-06-10 09:59:13,PG,144.63,537,sell,NYSE
tx_0006422,2025-06-10 09:59:14,PEP,152.71,520,sell,NYSE
tx_0000229,2025-06-10 09:59:17,NVDA,199.4,488,buy,NASDAQ
tx_0002028,2025-06-10 09:59:18,MSFT,297.33,214,buy,NASDAQ
tx_0006550,2025-06-10 09:59:20,MSFT,299.84,111,buy,NASDAQ
tx_0002938,2025-06-10 09:59:21,BRK.B,279.33,187,buy,NYSE
tx_0003616,2025-06-10 09:59:21,AAPL,,273,buy,NASDAQ
tx_0006944,2025-06-10 09:59:22,MCD,250.52,130,buy,NYSE
tx_0007342,2025-06-10 09:59:23,FB,329.57,397,sell,NASDAQ
tx_0008295,2025-06-10 09:59:23,AAPL,147.91,887,sell,NASDAQ
tx_0004108,2025-06-10 09:59:24,PEP,154.56,574,buy,NYSE
tx_0008414,2025-06-10 09:59:29,MSFT,298.44,578,buy,NASDAQ
tx_0004986,2025-06-10 09:59:33,AMZN,3457.7,427,buy,NASDAQ
tx_0008520,2025-06-10 09:59:33,ADBE,600.15,594,sell,NASDAQ
tx_0000407,2025-06-10 09:59:37,PEP,154.27,290,sell,NYSE
tx_0007965,2025-06-10 09:59:37,FB,329.67,217,buy,NASDAQ
tx_0007674,2025-06-10 09:59:39,NFLX,487.29,115,buy,NASDAQ
tx_0008031,2025-06-10 09:59:47,NVDA,198.43,476,sell,NASDAQ
tx_0003415,2025-06-10 09:59:49,BRK.B,277.43,375,sell,NYSE
tx_0004230,2025-06-10 09:59:49,NFLX,493.87,513,sell,NASDAQ
tx_0003442,2025-06-10 09:59:50,WMT,139.18,205,buy,NYSE
tx_0008891,2025-06-10 09:59:50,BRK.B,281.27,292,buy,NYSE
tx_0004857,2025-06-10 10:00:04,AMZN,3464.48,662,sell,NASDAQ
tx_0008597,2025-06-10 10:00:05,BRK.B,277.31,815,buy,NYSE
tx_0005515,2025-06-10 10:00:10,NFLX,493.13,852,sell,NASDAQ
tx_0000947,2025-06-10 10:00:11,GOOGL,2831.12,580,sell,NASDAQ
tx_0003306,2025-06-10 10:00:11,V,222.64,827,buy,NYSE
tx_0002922,2025-06-10 10:00:14,MSFT,300.33,332,sell,NASDAQ
tx_0004264,2025-06-10 10:00:15,JNJ,170.62,484,sell,NYSE
tx_0002017,2025-06-10 10:00:17,V,221.7,206,buy,NYSE
tx_0000224,2025-06-10 10:00:18,JNJ,169.22,322,sell,NYSE
tx_0009988,2025-06-10 10:00:18,JNJ,170.02,707,sell,NYSE
tx_0001802,2025-06-10 10:00:20,V,224.46,980,sell,NYSE
tx_0002227,2025-06-10 10:00:25,MA,349.01,388,sell,NYSE
tx_0003405,2025-06-10 10:00:25,DIS,177.33,820,sell,NYSE
tx_0003293,2025-06-10 10:00:27,ADBE,601.67,210,sell,NASDAQ
tx_0000820,2025-06-10 10:00:28,NFLX,491.82,887,sell,NASDAQ
tx_0007747,2025-06-10 10:00:30,FB,332.53,978,buy,NASDAQ
tx_0009456,2025-06-10 10:00:33,ADBE,606.82,343,buy,
tx_0002810,2025-06-10 10:00:37,DIS,175.99,542,buy,NYSE
tx_0001171,2025-06-10 10:00:38,TSLA,688.74,569,buy,NASDAQ
tx_0003852,2025-06-10 10:00:41,DIS,177.01,777,buy,NYSE
tx_0002822,2025-06-10 10:00:43,PG,145.99,516,buy,NYSE
tx_0002565,2025-06-10 10:00:45,V,223.55,915,sell,NYSE
tx_0002947,2025-06-10 10:00:47,KO,56.51,974,buy,NYSE
tx_0008714,2025-06-10 10:00:49,JNJ,171.76,134,sell,NYSE
tx_0006250,2025-06-10 10:00:51,TSLA,696.89,645,buy,NASDAQ
tx_0007910,2025-06-10 10:00:56,WMT,138.44,974,sell,NYSE
tx_0001140,2025-06-10 10:01:02,MSFT,300.46,1000,sell,NASDAQ
tx_0005303,2025-06-10 10:01:10,AAPL,147.62,776,sell,NASDAQ
tx_0007721,2025-06-10 10:01:10,MCD,252.35,672,buy,NYSE
tx_0004664,2025-06-10 10:01:11,MSFT,296.95,910,sell,NASDAQ
tx_0009714,2025-06-10 10:01:13,AMZN,3507.18,956,sell,NASDAQ
tx_0007206,2025-06-10 10:01:13,FB,331.24,398,buy,NASDAQ
tx_0006532,2025-06-10 10:01:20,WMT,138.78,732,buy,NYSE
tx_0003328,2025-06-10 10:01:23,PYPL,247.86,739,sell,NASDAQ
tx_0001839,2025-06-10 10:01:27,AMZN,3466.4,906,sell,NASDAQ
tx_0008490,2025-06-10 10:01:27,WMT,138.73,310,sell,NYSE
tx_0009707,2025-06-10 10:01:30,FB,327.24,312,buy,NASDAQ
tx_0008522,2025-06-10 10:01:34,MA,349.59,906,sell,NYSE
tx_0000163,2025-06-10 10:01:39,PYPL,249.54,297,sell,NASDAQ
tx_0006186,2025-06-10 10:01:40,KO,56.04,729,sell,NYSE
tx_0006017,2025-06-10 10:01:42,MSFT,297.33,396,buy,NASDAQ
tx_0000030,2025-06-10 10:01:48,MSFT,298.93,730,buy,NASDAQ
tx_0002453,2025-06-10 10:01:52,GOOGL,2842.03,505,sell,NASDAQ
tx_0001001,2025-06-10 10:01:53,MCD,253.11,630,buy,NYSE
tx_0002646,2025-06-10 10:01:56,MA,351.27,587,buy,NYSE
tx_0002002,2025-06-10 10:01:57,AAPL,148.08,859,sell,NASDAQ
tx_0000848,2025-06-10 10:02:00,MSFT,302.06,186,sell,NASDAQ
tx_0001360,2025-06-10 10:02:03,MCD,249.07,596,buy,NYSE
tx_0000221,2025-06-10 10:02:09,MCD,251.32,772,buy,NYSE
tx_0005595,2025-06-10 10:02:10,MSFT,300.13,292,buy,NASDAQ
tx_0009559,2025-06-10 10:02:12,PYPL,250.53,834,buy,NASDAQ
tx_0003026,2025-06-10 10:02:13,JNJ,169.26,917,sell,NYSE
tx_0007191,2025-06-10 10:02:13,AMZN,3499.75,683,buy,NASDAQ
tx_0007636,2025-06-10 10:02:15,WMT,141.08,736,sell,NYSE
tx_0004213,2025-06-10 10:02:15,WMT,140.94,751,buy,NYSE
tx_0005842,2025-06-10 10:02:17,NFLX,484.71,117,sell,NASDAQ
tx_0007764,2025-06-10 10:02:20,DIS,176.27,590,buy,NYSE
tx_0002241,2025-06-10 10:02:24,MCD,248.24,452,sell,NYSE
tx_0001077,2025-06-10 10:02:24,FB,326.13,121,sell,NASDAQ
tx_0007883,2025-06-10 10:02:25,AMZN,3466.64,944,buy,NASDAQ
tx_0003728,2025-06-10 10:02:25,WMT,138.86,921,sell,NYSE
tx_0000933,2025-06-10 10:02:26,ADBE,610.13,933,buy,NASDAQ
tx_0008984,2025-06-10 10:02:26,NVDA,199.82,484,buy,NASDAQ
tx_0000755,2025-06-10 10:02:26,PYPL,246.91,861,sell,NASDAQ
tx_0001790,2025-06-10 10:02:26,MCD,251.26,670,buy,NYSE
tx_0009544,2025-06-10 10:02:29,TSLA,687.56,416,sell,NASDAQ
tx_0002516,2025-06-10 10:02:30,FB,330.97,972,buy,NASDAQ
tx_0006922,2025-06-10 10:02:34,NFLX,490.55,625,sell,NASDAQ
tx_0006545,2025-06-10 10:02:35,MA,348.61,233,sell,NYSE
tx_0006611,2025-06-10 10:02:36,AMZN,3472.77,475,buy,NASDAQ
tx_0001770,2025-06-10 10:02:36,MSFT,298.4,236,buy,NASDAQ
tx_0009102,2025-06-10 10:02:42,BRK.B,279.95,336,sell,NYSE
tx_0008580,2025-06-10 10:02:43,V,224.55,835,sell,NYSE
tx_0005602,2025-06-10 10:02:44,DIS,173.81,611,sell,NYSE
tx_0007700,2025-06-10 10:02:45,AAPL,147.7,203,sell,
tx_0001067,2025-06-10 10:02:45,AMZN,3471.37,332,buy,NASDAQ
tx_0008848,2025-06-10 10:02:46,FB,330.6,501,buy,NASDAQ
tx_0007681,2025-06-10 10:02:46,MSFT,299.9,467,sell,NASDAQ
tx_0000876,2025-06-10 10:02:47,ADBE,601.7,141,sell,NASDAQ
tx_0006809,2025-06-10 10:02:48,PG,143.17,680,sell,NYSE
tx_0000443,2025-06-10 10:02:52,V,225.12,253,sell,NYSE
tx_0006738,2025-06-10 10:02:56,NVDA,199.88,713,buy,NASDAQ
tx_0002517,2025-06-10 10:02:59,AAPL,147.95,806,sell,NASDAQ
tx_0007780,2025-06-10 10:03:07,TSLA,692.54,677,sell,NASDAQ
tx_0001062,2025-06-10 10:03:08,MCD,251.33,548,buy,NYSE
tx_0009814,2025-06-10 10:03:09,MSFT,297.86,109,buy,NASDAQ
tx_0004944,2025-06-10 10:03:12,MSFT,297.99,200,buy,NASDAQ
tx_0005215,2025-06-10 10:03:15,FB,327.59,256,buy,NASDAQ
tx_0003429,2025-06-10 10:03:18,PG,144.07,353,buy,NYSE
tx_0000024,2025-06-10 10:03:19,BRK.B,283.48,553,buy,NYSE
tx_0000196,2025-06-10 10:03:26,JNJ,172.44,314,buy,NYSE
tx_0009576,2025-06-10 10:03:28,PYPL,248.77,577,buy,NASDAQ
tx_0005520,2025-06-10 10:03:29,DIS,177.1,317,sell,NYSE
tx_0007970,2025-06-10 10:03:29,PG,143.95,870,buy,NYSE
tx_0009268,2025-06-10 10:03:29,FB,329.96,665,buy,NASDAQ
tx_0004909,2025-06-10 10:03:35,PG,143.57,758,sell,NYSE
tx_0009700,2025-06-10 10:03:36,BRK.B,279.68,668,sell,NYSE
tx_0000216,2025-06-10 10:03:38,MCD,249.05,201,buy,NYSE
tx_0007639,2025-06-10 10:03:42,KO,56.37,664,sell,NYSE
tx_0005962,2025-06-10 10:03:44,ADBE,610.35,763,buy,NASDAQ
tx_0003397,2025-06-10 10:03:49,WMT,140.54,815,buy,NYSE
tx_0004033,2025-06-10 10:03:51,BRK.B,280.62,259,buy,NYSE
tx_0004847,2025-06-10 10:03:59,V,221.87,349,buy,NYSE
tx_0001619,2025-06-10 10:03:59,TSLA,693.5,780,sell,NASDAQ
tx_0005625,2025-06-10 10:04:00,WMT,138.48,384,sell,NYSE
tx_0001002,2025-06-10 10:04:01,NFLX,489.96,298,buy,NASDAQ
tx_0009804,2025-06-10 10:04:02,MSFT,303.9,506,sell,NASDAQ
tx_0000586,2025-06-10 10:04:02,MA,348.65,181,sell,NYSE
tx_0004632,2025-06-10 10:04:04,ADBE,603.66,657,buy,NASDAQ
tx_0000554,2025-06-10 10:04:04,NFLX,485.9,702,,NASDAQ
tx_0006921,2025-06-10 10:04:08,KO,55.88,296,sell,NYSE
tx_0006352,2025-06-10 10:04:10,JNJ,170.3,664,buy,NYSE
tx_0000426,2025-06-10 10:04:13,V,223.12,310,sell,
tx_0008767,2025-06-10 10:04:14,PYPL,247.61,104,sell,NASDAQ
tx_0006974,2025-06-10 10:04:15,NVDA,200.02,419,sell,NASDAQ
tx_0004164,2025-06-10 10:04:16,NVDA,198.84,356,buy,NASDAQ
tx_0001606,2025-06-10 10:04:17,WMT,138.09,115,sell,NYSE
tx_0009719,2025-06-10 10:04:19,FB,327.81,948,sell,NASDAQ
tx_0003133,2025-06-10 10:04:21,GOOGL,2872.5,747,buy,NASDAQ
tx_0000760,2025-06-10 10:04:25,KO,56.26,966,buy,NYSE
tx_0009901,2025-06-10 10:04:25,MA,347.51,190,buy,NYSE
tx_0003565,2025-06-10 10:04:30,MSFT,301.56,545,sell,NASDAQ
tx_0006491,2025-06-10 10:04:30,NFLX,484.94,318,buy,NASDAQ
tx_0001195,2025-06-10 10:04:31,MA,345.82,123,buy,NYSE
tx_0003317,2025-06-10 10:04:32,PG,143.44,749,buy,NYSE
tx_0006276,2025-06-10 10:04:38,GOOGL,2871.65,171,buy,NASDAQ
tx_0007166,2025-06-10 10:04:40,WMT,140.11,371,buy,NYSE
tx_0002463,2025-06-10 10:04:44,PEP,153.79,366,buy,NYSE
tx_0007706,2025-06-10 10:04:45,AMZN,,479,buy,NASDAQ
tx_0000454,2025-06-10 10:04:51,GOOGL,2865.92,929,sell,NASDAQ
tx_0006991,2025-06-10 10:04:52,TSLA,685.3,341,buy,NASDAQ
tx_0008963,2025-06-10 10:04:55,NVDA,200.97,933,buy,NASDAQ
tx_0007126,2025-06-10 10:04:57,NFLX,491.51,526,buy,NASDAQ
tx_0004138,2025-06-10 10:04:57,WMT,140.13,993,sell,NYSE
tx_0005271,2025-06-10 10:04:59,GOOGL,2884.35,826,sell,NASDAQ
tx_0003591,2025-06-10 10:05:02,MA,344.6,511,sell,NYSE
tx_0009986,2025-06-10 10:05:03,NFLX,482.6,781,sell,NASDAQ
tx_0007453,2025-06-10 10:05:04,MA,345.16,958,sell,NYSE
tx_0002628,2025-06-10 10:05:04,TSLA,694.02,177,sell,NASDAQ
tx_0004513,2025-06-10 10:05:12,PG,143.26,799,sell,NYSE
tx_0004766,2025-06-10 10:05:13,AAPL,147.54,189,buy,NASDAQ
tx_0002787,2025-06-10 10:05:15,NFLX,484.23,304,sell,NASDAQ
tx_0007020,2025-06-10 10:05:19,MCD,251.42,554,sell,NYSE
tx_0004159,2025-06-10 10:05:20,JNJ,168.61,358,sell,NYSE
tx_0001621,2025-06-10 10:05:24,PG,145.54,100,sell,NYSE
tx_0005047,2025-06-10 10:05:25,JNJ,170.91,812,sell,NYSE
tx_0003223,2025-06-10 10:05:25,FB,328.21,261,buy,NASDAQ
tx_0003118,2025-06-10 10:05:26,NVDA,197.73,432,sell,NASDAQ
tx_0000165,2025-06-10 10:05:30,V,223.21,528,buy,NYSE
tx_0001455,2025-06-10 10:05:33,MA,348.69,142,sell,NYSE
tx_0007954,2025-06-10 10:05:35,V,221.82,162,sell,NYSE
tx_0009958,2025-06-10 10:05:38,DIS,177.54,805,buy,NYSE
tx_0000086,2025-06-10 10:05:38,DIS,174.65,356,buy,NYSE
tx_0009185,2025-06-10 10:05:39,PYPL,248.35,420,buy,NASDAQ
tx_0003280,2025-06-10 10:05:41,DIS,176.22,308,buy,NYSE
tx_0001775,2025-06-10 10:05:43,MA,344.34,146,sell,NYSE
tx_0006112,2025-06-10 10:05:46,AMZN,3488.58,728,buy,NASDAQ
tx_0007816,2025-06-10 10:05:47,MSFT,301.24,468,buy,NASDAQ
tx_0005922,2025-06-10 10:05:50,AAPL,149.5,971,sell,NASDAQ
tx_0002693,2025-06-10 10:05:51,NFLX,485.71,865,sell,NASDAQ
tx_0004884,2025-06-10 10:05:53,JNJ,171.34,573,,NYSE
tx_0004037,2025-06-10 10:05:56,PG,143.17,100,sell,NYSE
tx_0007064,2025-06-10 10:05:57,MCD,252.82,231,sell,NYSE
tx_0008892,2025-06-10 10:06:01,DIS,175.1,113,buy,
tx_0004326,2025-06-10 10:06:02,BRK.B,280.57,658,sell,NYSE
tx_0002943,2025-06-10 10:06:03,FB,326.87,178,sell,NASDAQ
tx_0006816,2025-06-10 10:06:04,TSLA,698.61,698,buy,NASDAQ
tx_0006418,2025-06-10 10:06:07,NVDA,199.04,106,buy,NASDAQ
tx_0006228,2025-06-10 10:06:11,BRK.B,285.47,896,buy,NYSE
tx_0006021,2025-06-10 10:06:16,WMT,139.73,102,buy,NYSE
tx_0002338,2025-06-10 10:06:17,MCD,249.79,282,buy,NYSE
tx_0008697,2025-06-10 10:06:20,NFLX,485.27,192,sell,NASDAQ
tx_0004791,2025-06-10 10:06:20,MA,346.62,892,sell,NYSE
tx_0007769,2025-06-10 10:06:24,BRK.B,285.27,936,sell,NYSE
tx_0008661,2025-06-10 10:06:25,KO,,791,sell,NYSE
tx_0008179,2025-06-10 10:06:26,MSFT,306.01,470,buy,NASDAQ
tx_0007884,2025-06-10 10:06:26,AMZN,3513.65,575,buy,NASDAQ
tx_0001430,2025-06-10 10:06:31,GOOGL,2884.43,674,buy,NASDAQ
tx_0001188,2025-06-10 10:06:31,DIS,177.98,174,buy,NYSE
tx_0000242,2025-06-10 10:06:32,NVDA,198.47,122,buy,NASDAQ
tx_0006699,2025-06-10 10:06:33,BRK.B,285.24,446,sell,NYSE
tx_0002802,2025-06-10 10:06:34,GOOGL,2871.2,325,buy,NASDAQ
tx_0001886,2025-06-10 10:06:35,MA,346.33,882,buy,NYSE
tx_0003889,2025-06-10 10:06:37,NVDA,198.07,550,buy,NASDAQ
tx_0001467,2025-06-10 10:06:37,PG,,487,buy,NYSE
tx_0005472,2025-06-10 10:06:41,FB,326.65,439,sell,NASDAQ
tx_0002748,2025-06-10 10:06:42,JNJ,,820,buy,NYSE
tx_0007603,2025-06-10 10:06:45,JNJ,171.41,848,buy,NYSE
tx_0007201,2025-06-10 10:06:46,TSLA,690.25,225,buy,NASDAQ
tx_0005156,2025-06-10 10:06:47,NVDA,198.55,250,buy,NASDAQ
tx_0003602,2025-06-10 10:06:56,DIS,176.68,268,buy,NYSE
tx_0009811,2025-06-10 10:07:00,NFLX,493.64,637,buy,NASDAQ
tx_0005814,2025-06-10 10:07:03,TSLA,699.21,173,buy,NASDAQ
tx_0000928,2025-06-10 10:07:04,V,224.13,964,sell,NYSE
tx_0008034,2025-06-10 10:07:09,GOOGL,2842.89,237,buy,NASDAQ
tx_0002311,2025-06-10 10:07:10,NFLX,492.14,398,buy,NASDAQ
tx_0009063,2025-06-10 10:07:20,TSLA,696.78,812,buy,NASDAQ
tx_0006117,2025-06-10 10:07:24,MCD,250.27,413,sell,NYSE
tx_0008910,2025-06-10 10:07:27,PEP,153.97,174,sell,NYSE
tx_0007200,2025-06-10 10:07:28,AMZN,3503.27,871,buy,NASDAQ
tx_0002237,2025-06-10 10:07:28,MA,345.49,407,sell,NYSE
tx_0008922,2025-06-10 10:07:29,MA,346.65,444,sell,NYSE
tx_0005893,2025-06-10 10:07:33,NVDA,202.15,204,sell,NASDAQ
tx_0006172,2025-06-10 10:07:36,DIS,177.63,605,sell,NYSE
tx_0007306,2025-06-10 10:07:43,DIS,177.77,718,sell,NYSE
tx_0008696,2025-06-10 10:07:44,WMT,139.03,986,sell,NYSE
tx_0003400,2025-06-10 10:07:49,MA,344.39,299,sell,NYSE
tx_0005811,2025-06-10 10:07:50,AAPL,148.45,505,buy,NASDAQ
tx_0007668,2025-06-10 10:07:54,PYPL,246.67,885,buy,NASDAQ
tx_0009876,2025-06-10 10:08:00,NVDA,202.09,781,sell,NASDAQ
tx_0002762,2025-06-10 10:08:02,FB,329.84,294,buy,NASDAQ
tx_0003767,2025-06-10 10:08:10,MCD,251.79,595,buy,NYSE
tx_0009031,2025-06-10 10:08:12,BRK.B,286.32,472,sell,NYSE
tx_0004739,2025-06-10 10:08:13,V,223.76,367,sell,NYSE
tx_0006018,2025-06-10 10:08:14,KO,56.27,677,sell,NYSE
tx_0009982,2025-06-10 10:08:15,NVDA,201.73,960,buy,NASDAQ
tx_0002808,2025-06-10 10:08:15,GOOGL,2858.51,243,buy,NASDAQ
tx_0001950,2025-06-10 10:08:19,WMT,138.32,276,buy,NYSE
tx_0002286,2025-06-10 10:08:19,DIS,177.79,975,buy,NYSE
tx_0005355,2025-06-10 10:08:23,DIS,176.06,423,buy,NYSE
tx_0006505,2025-06-10 10:08:25,NVDA,202.04,589,sell,NASDAQ
tx_0001763,2025-06-10 10:08:26,FB,327.89,165,buy,NASDAQ
tx_0004572,2025-06-10 10:08:27,MA,347.35,300,buy,NYSE
tx_0002668,2025-06-10 10:08:28,BRK.B,282.68,785,sell,NYSE
tx_0000261,2025-06-10 10:08:32,DIS,174.81,674,buy,NYSE
tx_0005621,2025-06-10 10:08:34,JNJ,169.67,171,buy,NYSE
tx_0000555,2025-06-10 10:08:41,MCD,250.96,733,sell,NYSE
tx_0003580,2025-06-10 10:08:47,MCD,249.82,105,buy,NYSE
tx_0000870,2025-06-10 10:08:49,MSFT,301.89,229,sell,NASDAQ
tx_0001703,2025-06-10 10:08:50,MCD,250.19,184,sell,NYSE
tx_0007262,2025-06-10 10:08:50,KO,55.97,106,sell,NYSE
tx_0008336,2025-06-10 10:08:50,WMT,140.29,819,sell,NYSE
tx_0000117,2025-06-10 10:08:52,PEP,153.73,480,sell,NYSE
tx_0004782,2025-06-10 10:08:53,ADBE,601.43,528,sell,NASDAQ
tx_0002088,2025-06-10 10:08:54,KO,55.85,555,sell,NYSE
tx_0002418,2025-06-10 10:08:55,NFLX,494.87,863,sell,NASDAQ
tx_0007500,2025-06-10 10:08:59,AMZN,3459.84,364,buy,NASDAQ
tx_0005311,2025-06-10 10:09:00,PEP,154.42,219,buy,NYSE
tx_0003529,2025-06-10 10:09:07,KO,56.46,799,buy,NYSE
tx_0001495,2025-06-10 10:09:09,GOOGL,2868.4,588,sell,NASDAQ
tx_0004949,2025-06-10 10:09:10,KO,56.54,448,sell,NYSE
tx_0001761,2025-06-10 10:09:11,MCD,249.55,862,sell,NYSE
tx_0001875,2025-06-10 10:09:15,AMZN,3495.16,879,buy,NASDAQ
tx_0003635,2025-06-10 10:09:20,ADBE,598.92,279,buy,NASDAQ
tx_0004457,2025-06-10 10:09:21,AMZN,3482.95,379,sell,NASDAQ
tx_0000637,2025-06-10 10:09:25,BRK.B,287.39,191,sell,NYSE
tx_0004716,2025-06-10 10:09:25,MCD,247.89,445,sell,NYSE
tx_0008448,2025-06-10 10:09:27,MCD,247.71,683,sell,NYSE
tx_0008266,2025-06-10 10:09:33,V,223.0,957,sell,NYSE
tx_0001441,2025-06-10 10:09:34,MCD,251.66,584,sell,NYSE
tx_0005191,2025-06-10 10:09:37,TSLA,,802,buy,NASDAQ
tx_0001484,2025-06-10 10:09:43,TSLA,690.36,439,buy,NASDAQ
tx_0000118,2025-06-10 10:09:44,DIS,178.06,873,buy,NYSE
tx_0009826,2025-06-10 10:09:45,GOOGL,2835.9,151,buy,NASDAQ
tx_0000763,2025-06-10 10:09:47,AAPL,150.62,751,buy,NASDAQ
tx_0005485,2025-06-10 10:09:50,PEP,156.97,463,sell,NYSE
tx_0000715,2025-06-10 10:09:50,AMZN,3479.91,566,buy,NASDAQ
tx_0007669,2025-06-10 10:09:55,ADBE,604.58,625,buy,NASDAQ
tx_0002417,2025-06-10 10:10:02,NFLX,495.75,216,buy,NASDAQ
tx_0001716,2025-06-10 10:10:03,GOOGL,2881.55,490,buy,NASDAQ
tx_0004554,2025-06-10 10:10:04,ADBE,610.73,553,sell,NASDAQ
tx_0000938,2025-06-10 10:10:04,PG,144.32,604,buy,NYSE
tx_0007151,2025-06-10 10:10:07,DIS,177.35,131,sell,NYSE
tx_0005545,2025-06-10 10:10:13,PYPL,245.07,127,sell,NASDAQ
tx_0006005,2025-06-10 10:10:14,BRK.B,280.93,570,sell,NYSE
tx_0009651,2025-06-10 10:10:17,MCD,248.77,722,buy,NYSE
tx_0004185,2025-06-10 10:10:20,DIS,176.74,185,sell,NYSE
tx_0001686,2025-06-10 10:10:21,PG,143.81,798,buy,NYSE
tx_0005787,2025-06-10 10:10:21,AMZN,3503.69,914,buy,NASDAQ
tx_0009706,2025-06-10 10:10:24,AMZN,3516.79,906,sell,NASDAQ
tx_0004099,2025-06-10 10:10:29,MCD,250.01,496,buy,NYSE
tx_0001630,2025-06-10 10:10:29,AAPL,149.62,406,sell,NASDAQ
tx_0008066,2025-06-10 10:10:33,ADBE,600.05,719,sell,NASDAQ
tx_0003735,2025-06-10 10:10:40,KO,56.35,248,sell,NYSE
tx_0006592,2025-06-10 10:10:47,MCD,251.95,847,buy,NYSE
tx_0007394,2025-06-10 10:10:50,GOOGL,2853.7,714,sell,NASDAQ
tx_0008038,2025-06-10 10:10:51,ADBE,598.62,396,sell,NASDAQ
tx_0008290,2025-06-10 10:10:55,V,221.03,596,buy,NYSE
tx_0009176,2025-06-10 10:10:56,FB,329.8,617,buy,NASDAQ
tx_0005994,2025-06-10 10:10:57,MCD,249.25,747,sell,NYSE
tx_0006014,2025-06-10 10:10:57,TSLA,689.85,717,buy,NASDAQ
tx_0006439,2025-06-10 10:10:59,TSLA,689.18,140,sell,NASDAQ
tx_0005628,2025-06-10 10:11:00,TSLA,690.06,232,buy,NASDAQ
tx_0008093,2025-06-10 10:11:05,GOOGL,2849.72,493,buy,NASDAQ
tx_0006160,2025-06-10 10:11:07,AMZN,3506.54,410,buy,NASDAQ
tx_0007579,2025-06-10 10:11:12,ADBE,601.69,845,sell,NASDAQ
tx_0006764,2025-06-10 10:11:15,ADBE,598.71,399,buy,NASDAQ
tx_0008002,2025-06-10 10:11:16,GOOGL,2879.66,865,buy,NASDAQ
tx_0006378,2025-06-10 10:11:19,V,221.3,1000,sell,NYSE
tx_0006380,2025-06-10 10:11:21,PEP,156.76,993,buy,NYSE
tx_0006432,2025-06-10 10:11:23,MCD,248.79,425,buy,NYSE
tx_0008559,2025-06-10 10:11:23,NVDA,198.89,811,sell,NASDAQ
tx_0006391,2025-06-10 10:11:24,PG,144.9,358,sell,NYSE
tx_0007418,2025-06-10 10:11:24,NVDA,200.47,199,sell,NASDAQ
tx_0006277,2025-06-10 10:11:25,V,221.24,198,sell,NYSE
tx_0002653,2025-06-10 10:11:26,AAPL,147.34,665,sell,NASDAQ
tx_0004982,2025-06-10 10:11:27,BRK.B,283.97,594,sell,NYSE
tx_0003166,2025-06-10 10:11:27,FB,332.43,475,sell,NASDAQ
tx_0000709,2025-06-10 10:11:29,DIS,177.32,563,sell,NYSE
tx_0004170,2025-06-10 10:11:33,MA,346.96,623,sell,NYSE
tx_0007112,2025-06-10 10:11:34,NFLX,502.16,843,buy,NASDAQ
tx_0002830,2025-06-10 10:11:35,WMT,141.1,634,sell,NYSE
tx_0008393,2025-06-10 10:11:37,NFLX,496.11,178,sell,NASDAQ
tx_0001184,2025-06-10 10:11:43,BRK.B,284.18,194,sell,NYSE
tx_0001347,2025-06-10 10:11:46,PEP,156.22,443,buy,NYSE
tx_0000759,2025-06-10 10:11:46,PG,145.31,488,sell,NYSE
tx_0006596,2025-06-10 10:11:47,PYPL,249.06,164,sell,NASDAQ
tx_0000888,2025-06-10 10:11:49,ADBE,599.31,386,sell,NASDAQ
tx_0001296,2025-06-10 10:11:49,AMZN,3509.09,227,buy,
tx_0003498,2025-06-10 10:11:51,MCD,250.75,479,buy,NYSE
tx_0002303,2025-06-10 10:11:56,DIS,177.04,603,sell,NYSE
tx_0009364,2025-06-10 10:12:02,PEP,154.82,844,buy,NYSE
tx_0004879,2025-06-10 10:12:03,PYPL,245.28,409,buy,NASDAQ
tx_0000780,2025-06-10 10:12:05,JNJ,170.35,782,buy,NYSE
tx_0008985,2025-06-10 10:12:10,NFLX,496.49,295,sell,NASDAQ
tx_0007879,2025-06-10 10:12:12,PG,143.76,234,buy,NYSE
tx_0005136,2025-06-10 10:12:12,NVDA,202.43,420,sell,NASDAQ
tx_0007957,2025-06-10 10:12:15,MCD,251.52,527,sell,NYSE
tx_0004637,2025-06-10 10:12:16,AMZN,3522.84,489,sell,NASDAQ
tx_0005478,2025-06-10 10:12:17,KO,56.47,661,buy,NYSE
tx_0009429,2025-06-10 10:12:18,NVDA,200.1,705,sell,NASDAQ
tx_0005120,2025-06-10 10:12:20,TSLA,685.51,610,buy,NASDAQ
tx_0005557,2025-06-10 10:12:22,MCD,251.23,597,sell,NYSE
tx_0006819,2025-06-10 10:12:24,MSFT,308.41,211,buy,NASDAQ
tx_0004697,2025-06-10 10:12:28,PG,144.05,419,sell,NYSE
tx_0003744,2025-06-10 10:12:30,ADBE,604.51,219,buy,NASDAQ
tx_0003637,2025-06-10 10:12:31,PYPL,247.58,622,sell,NASDAQ
tx_0006948,2025-06-10 10:12:33,NVDA,200.45,732,sell,NASDAQ
tx_0003029,2025-06-10 10:12:36,TSLA,685.38,592,sell,NASDAQ
tx_0002332,2025-06-10 10:12:38,AAPL,147.92,942,buy,NASDAQ
tx_0000707,2025-06-10 10:12:39,NFLX,494.22,176,buy,NASDAQ
tx_0004478,2025-06-10 10:12:40,JNJ,170.84,583,sell,NYSE
tx_0003522,2025-06-10 10:12:40,FB,329.57,964,sell,NASDAQ
tx_0007563,2025-06-10 10:12:42,MCD,252.69,870,buy,NYSE
tx_0008137,2025-06-10 10:12:43,AMZN,3479.81,791,buy,NASDAQ
tx_0000195,2025-06-10 10:12:43,ADBE,605.53,955,sell,NASDAQ
tx_0001683,2025-06-10 10:12:49,BRK.B,287.47,745,sell,NYSE
tx_0001240,2025-06-10 10:12:51,MSFT,309.39,743,buy,NASDAQ
tx_0005705,2025-06-10 10:12:51,FB,328.91,121,sell,NASDAQ
tx_0000463,2025-06-10 10:12:54,MSFT,304.99,481,sell,NASDAQ
tx_0005531,2025-06-10 10:12:55,ADBE,609.86,257,buy,NASDAQ
tx_0000653,2025-06-10 10:13:00,FB,334.16,215,buy,NASDAQ
tx_0000668,2025-06-10 10:13:00,JNJ,170.92,301,sell,NYSE
tx_0005860,2025-06-10 10:13:02,DIS,175.83,842,sell,NYSE
tx_0009392,2025-06-10 10:13:05,PG,143.07,566,sell,NYSE
tx_0005170,2025-06-10 10:13:10,MSFT,304.84,160,buy,NASDAQ
tx_0004340,2025-06-10 10:13:10,JNJ,169.59,210,buy,NYSE
tx_0007140,2025-06-10 10:13:11,KO,55.51,193,buy,NYSE
tx_0002434,2025-06-10 10:13:12,AAPL,147.97,967,buy,NASDAQ
tx_0008929,2025-06-10 10:13:15,PEP,157.47,491,,
tx_0005686,2025-06-10 10:13:17,PG,142.52,998,buy,NYSE
tx_0004363,2025-06-10 10:13:21,KO,56.0,397,sell,NYSE
tx_0007887,2025-06-10 10:13:21,AAPL,148.14,397,sell,NASDAQ
tx_0006247,2025-06-10 10:13:21,V,220.14,233,buy,NYSE
tx_0009339,2025-06-10 10:13:22,TSLA,683.27,895,sell,NASDAQ
tx_0009493,2025-06-10 10:13:23,JNJ,170.59,342,sell,NYSE
tx_0009154,2025-06-10 10:13:26,DIS,174.86,373,buy,NYSE
tx_0005606,2025-06-10 10:13:27,NVDA,200.04,966,sell,NASDAQ
tx_0008440,2025-06-10 10:13:27,KO,56.05,759,sell,NYSE
tx_0003416,2025-06-10 10:13:31,JNJ,170.64,430,buy,NYSE
tx_0003722,2025-06-10 10:13:34,MCD,251.4,727,buy,NYSE
tx_0001177,2025-06-10 10:13:38,BRK.B,287.4,435,buy,NYSE
tx_0003774,2025-06-10 10:13:42,PYPL,248.96,763,buy,NASDAQ
tx_0005788,2025-06-10 10:13:44,KO,56.2,893,buy,NYSE
tx_0007354,2025-06-10 10:13:46,MSFT,305.99,389,buy,NASDAQ
tx_0005067,2025-06-10 10:13:51,NFLX,496.49,298,buy,NASDAQ
tx_0006712,2025-06-10 10:13:52,MA,343.76,707,sell,NYSE
tx_0006682,2025-06-10 10:13:53,MCD,253.3,275,sell,NYSE
tx_0008624,2025-06-10 10:13:54,FB,335.39,269,buy,NASDAQ
tx_0004844,2025-06-10 10:13:57,FB,331.45,547,sell,NASDAQ
tx_0008594,2025-06-10 10:14:00,MSFT,307.47,167,sell,NASDAQ
tx_0005184,2025-06-10 10:14:01,NVDA,203.05,837,buy,NASDAQ
tx_0005077,2025-06-10 10:14:04,WMT,141.3,549,sell,NYSE
tx_0003043,2025-06-10 10:14:04,BRK.B,285.72,713,buy,NYSE
tx_0003578,2025-06-10 10:14:07,MSFT,306.82,319,buy,NASDAQ
tx_0002968,2025-06-10 10:14:09,PG,145.05,836,buy,NYSE
tx_0008191,2025-06-10 10:14:10,KO,55.89,897,sell,NYSE
tx_0000448,2025-06-10 10:14:14,AMZN,3497.9,817,sell,NASDAQ
tx_0001374,2025-06-10 10:14:18,GOOGL,2864.11,851,buy,NASDAQ
tx_0009925,2025-06-10 10:14:19,PG,144.19,305,sell,NYSE
tx_0003270,2025-06-10 10:14:19,PG,144.83,476,sell,NYSE
tx_0001272,2025-06-10 10:14:19,AAPL,149.72,893,sell,NASDAQ
tx_0003087,2025-06-10 10:14:26,WMT,141.22,247,buy,NYSE
tx_0000961,2025-06-10 10:14:29,MCD,252.94,295,sell,NYSE
tx_0003386,2025-06-10 10:14:31,V,223.96,640,buy,NYSE
tx_0009723,2025-06-10 10:14:35,ADBE,608.19,594,sell,NASDAQ
tx_0007686,2025-06-10 10:14:37,FB,332.88,497,sell,NASDAQ
tx_0008398,2025-06-10 10:14:40,PEP,153.94,806,buy,NYSE
tx_0001601,2025-06-10 10:14:40,AAPL,149.13,222,buy,NASDAQ
tx_0007179,2025-06-10 10:14:47,PYPL,248.67,992,sell,NASDAQ
tx_0009565,2025-06-10 10:14:50,AAPL,148.61,864,buy,NASDAQ
tx_0000260,2025-06-10 10:14:52,PYPL,249.28,815,sell,NASDAQ
tx_0000832,2025-06-10 10:14:52,JNJ,170.5,485,buy,NYSE
tx_0006823,2025-06-10 10:14:57,FB,333.64,469,sell,NASDAQ
tx_0007498,2025-06-10 10:14:58,MCD,253.91,492,buy,NYSE
tx_0008272,2025-06-10 10:14:59,MA,344.94,301,sell,NYSE
tx_0008732,2025-06-10 10:15:02,V,225.28,213,sell,NYSE
tx_0003209,2025-06-10 10:15:07,PG,144.94,134,buy,NYSE
tx_0002187,2025-06-10 10:15:11,MA,343.45,241,buy,NYSE
tx_0007167,2025-06-10 10:15:12,PEP,155.74,633,sell,NYSE
tx_0008737,2025-06-10 10:15:12,NFLX,503.32,990,sell,NASDAQ
tx_0006558,2025-06-10 10:15:15,FB,336.21,907,buy,NASDAQ
tx_0009823,2025-06-10 10:15:15,FB,330.28,382,sell,NASDAQ
tx_0004738,2025-06-10 10:15:18,MA,345.92,183,sell,NYSE
tx_0000698,2025-06-10 10:15:18,V,225.37,318,buy,NYSE
tx_0005106,2025-06-10 10:15:19,V,225.16,199,sell,NYSE
tx_0007459,2025-06-10 10:15:24,NFLX,498.4,273,buy,NASDAQ
tx_0002374,2025-06-10 10:15:25,NFLX,495.66,356,buy,NASDAQ
tx_0005909,2025-06-10 10:15:29,MCD,254.17,895,sell,NYSE
tx_0000413,2025-06-10 10:15:30,MA,346.9,686,buy,NYSE
tx_0009231,2025-06-10 10:15:32,FB,334.74,257,sell,NASDAQ
tx_0008832,2025-06-10 10:15:33,GOOGL,2852.69,178,buy,NASDAQ
tx_0005542,2025-06-10 10:15:39,KO,55.55,960,buy,NYSE
tx_0009075,2025-06-10 10:15:40,AAPL,148.52,125,sell,NASDAQ
tx_0003998,2025-06-10 10:15:41,PYPL,245.88,375,buy,NASDAQ
tx_0007241,2025-06-10 10:15:42,NVDA,200.9,309,sell,NASDAQ
tx_0002364,2025-06-10 10:15:42,MCD,251.2,767,sell,NYSE
tx_0004093,2025-06-10 10:15:44,AAPL,147.95,229,sell,NASDAQ
tx_0005943,2025-06-10 10:15:44,MSFT,308.24,257,buy,
tx_0001045,2025-06-10 10:15:44,MSFT,307.33,205,buy,NASDAQ
tx_0008955,2025-06-10 10:15:48,PYPL,245.21,414,sell,NASDAQ
tx_0002273,2025-06-10 10:15:49,MA,342.16,321,sell,NYSE
tx_0008556,2025-06-10 10:15:50,TSLA,682.95,475,sell,NASDAQ
tx_0000358,2025-06-10 10:15:57,ADBE,605.11,717,sell,NASDAQ
tx_0004483,2025-06-10 10:16:03,FB,335.32,906,sell,NASDAQ
tx_0000151,2025-06-10 10:16:03,PEP,154.39,531,sell,NYSE
tx_0002507,2025-06-10 10:16:06,WMT,141.66,748,sell,NYSE
tx_0008711,2025-06-10 10:16:09,V,220.98,850,sell,NYSE
tx_0002301,2025-06-10 10:16:11,DIS,175.62,419,buy,NYSE
tx_0007784,2025-06-10 10:16:12,AMZN,3509.58,633,buy,NASDAQ
tx_0005488,2025-06-10 10:16:13,ADBE,609.39,443,sell,NASDAQ
tx_0004752,2025-06-10 10:16:18,PYPL,246.2,334,sell,NASDAQ
tx_0009985,2025-06-10 10:16:20,ADBE,607.95,904,sell,NASDAQ
tx_0003002,2025-06-10 10:16:23,AAPL,150.2,221,buy,NASDAQ
tx_0005673,2025-06-10 10:16:23,BRK.B,281.87,339,sell,NYSE
tx_0001663,2025-06-10 10:16:24,DIS,175.82,909,sell,NYSE
tx_0003134,2025-06-10 10:16:25,PYPL,248.04,385,buy,NASDAQ
tx_0003877,2025-06-10 10:16:27,FB,334.28,138,buy,NASDAQ
tx_0008952,2025-06-10 10:16:28,JNJ,170.63,730,buy,NYSE
tx_0001857,2025-06-10 10:16:29,GOOGL,2859.51,209,buy,NASDAQ
tx_0001774,2025-06-10 10:16:30,JNJ,169.31,374,sell,NYSE
tx_0003330,2025-06-10 10:16:33,BRK.B,286.12,198,buy,NYSE
tx_0003210,2025-06-10 10:16:33,PG,143.85,492,sell,NYSE
tx_0008834,2025-06-10 10:16:36,AAPL,150.75,200,sell,NASDAQ
tx_0004651,2025-06-10 10:16:38,GOOGL,2821.95,408,buy,NASDAQ
tx_0005249,2025-06-10 10:16:38,MCD,252.34,128,buy,NYSE
tx_0002576,2025-06-10 10:16:41,FB,334.27,461,buy,NASDAQ
tx_0008839,2025-06-10 10:16:43,JNJ,170.08,127,sell,NYSE
tx_0007163,2025-06-10 10:16:45,PEP,155.52,353,buy,NYSE
tx_0006417,2025-06-10 10:16:45,ADBE,612.63,689,buy,NASDAQ
tx_0003271,2025-06-10 10:16:48,WMT,142.64,327,buy,NYSE
tx_0001908,2025-06-10 10:16:51,PYPL,248.85,841,sell,NASDAQ
tx_0003742,2025-06-10 10:16:54,BRK.B,286.11,369,sell,NYSE
tx_0001363,2025-06-10 10:16:55,NVDA,200.58,486,sell,NASDAQ
tx_0001437,2025-06-10 10:16:57,MA,342.21,381,buy,NYSE
tx_0002155,2025-06-10 10:16:59,PG,144.11,270,sell,NYSE
tx_0004871,2025-06-10 10:17:00,PG,144.9,392,buy,NYSE
tx_0006520,2025-06-10 10:17:00,KO,55.2,664,sell,NYSE
tx_0000772,2025-06-10 10:17:01,FB,331.55,594,buy,NASDAQ
tx_0003463,2025-06-10 10:17:01,MCD,255.6,982,sell,NYSE
tx_0008768,2025-06-10 10:17:02,JNJ,167.71,311,sell,NYSE
tx_0001265,2025-06-10 10:17:02,JNJ,169.0,217,sell,NYSE
tx_0002406,2025-06-10 10:17:04,GOOGL,2855.07,800,buy,NASDAQ
tx_0002321,2025-06-10 10:17:04,MA,345.25,192,sell,NYSE
tx_0001341,2025-06-10 10:17:07,AMZN,3523.9,292,buy,NASDAQ
tx_0004606,2025-06-10 10:17:23,PG,142.37,115,buy,NYSE
tx_0002674,2025-06-10 10:17:29,MCD,253.7,486,sell,NYSE
tx_0007927,2025-06-10 10:17:33,GOOGL,2831.83,765,buy,NASDAQ
tx_0002443,2025-06-10 10:17:39,JNJ,167.35,980,buy,NYSE
tx_0007912,2025-06-10 10:17:40,KO,55.76,326,buy,NYSE
tx_0004890,2025-06-10 10:17:40,PG,143.74,535,sell,NYSE
tx_0004124,2025-06-10 10:17:42,KO,55.24,377,sell,NYSE
tx_0006036,2025-06-10 10:17:43,PEP,153.7,758,sell,NYSE
tx_0009954,2025-06-10 10:17:46,DIS,174.82,149,buy,NYSE
tx_0004992,2025-06-10 10:17:48,BRK.B,281.36,169,sell,NYSE
tx_0009416,2025-06-10 10:17:49,NFLX,496.54,265,sell,NASDAQ
tx_0001914,2025-06-10 10:17:56,MCD,251.99,329,buy,NYSE
tx_0005599,2025-06-10 10:17:56,PEP,153.97,225,sell,NYSE
tx_0004660,2025-06-10 10:17:57,V,221.97,714,buy,NYSE
tx_0001196,2025-06-10 10:18:04,NVDA,199.03,526,sell,NASDAQ
tx_0009113,2025-06-10 10:18:06,V,223.61,143,buy,NYSE
tx_0001984,2025-06-10 10:18:12,PEP,154.99,160,sell,NYSE
tx_0003294,2025-06-10 10:18:14,KO,55.34,598,,NYSE
tx_0009604,2025-06-10 10:18:17,BRK.B,285.17,417,buy,NYSE
tx_0003594,2025-06-10 10:18:18,KO,55.75,619,sell,NYSE
tx_0005633,2025-06-10 10:18:18,PYPL,246.19,558,buy,NASDAQ
tx_0004594,2025-06-10 10:18:19,MA,346.16,393,buy,NYSE
tx_0002151,2025-06-10 10:18:20,PEP,153.79,167,buy,NYSE
tx_0005343,2025-06-10 10:18:21,KO,55.23,379,buy,NYSE
tx_0005291,2025-06-10 10:18:21,BRK.B,282.94,639,sell,NYSE
tx_0008431,2025-06-10 10:18:23,BRK.B,281.53,464,sell,NYSE
tx_0002469,2025-06-10 10:18:24,DIS,173.83,995,buy,NYSE
tx_0001146,2025-06-10 10:18:24,AAPL,149.75,328,buy,NASDAQ
tx_0001183,2025-06-10 10:18:26,JNJ,168.25,299,buy,NYSE
tx_0002367,2025-06-10 10:18:37,BRK.B,283.17,558,buy,NYSE
tx_0004867,2025-06-10 10:18:42,WMT,140.76,337,sell,NYSE
tx_0002186,2025-06-10 10:18:42,NFLX,496.72,243,sell,NASDAQ
tx_0002008,2025-06-10 10:18:45,TSLA,684.13,555,sell,NASDAQ
tx_0004493,2025-06-10 10:18:45,KO,55.59,438,sell,NYSE
tx_0007375,2025-06-10 10:18:46,WMT,141.36,884,sell,NYSE
tx_0007990,2025-06-10 10:18:48,WMT,142.35,601,sell,NYSE
tx_0007819,2025-06-10 10:18:49,PG,143.07,736,buy,NYSE
tx_0008453,2025-06-10 10:18:53,PEP,154.94,509,sell,NYSE
tx_0002327,2025-06-10 10:18:57,FB,334.38,645,buy,NASDAQ
tx_0002231,2025-06-10 10:18:58,V,224.14,962,sell,
tx_0009611,2025-06-10 10:19:00,NVDA,199.01,922,sell,NASDAQ
tx_0009391,2025-06-10 10:19:01,ADBE,607.87,881,sell,NASDAQ
tx_0004538,2025-06-10 10:19:02,TSLA,678.45,988,buy,NASDAQ
tx_0002710,2025-06-10 10:19:06,PYPL,247.09,847,buy,NASDAQ
tx_0005866,2025-06-10 10:19:10,DIS,173.79,371,sell,NYSE
tx_0003991,2025-06-10 10:19:22,GOOGL,2854.86,753,buy,NASDAQ
tx_0006061,2025-06-10 10:19:23,NVDA,199.19,548,sell,NASDAQ
tx_0002520,2025-06-10 10:19:29,GOOGL,2819.56,510,sell,NASDAQ
tx_0007594,2025-06-10 10:19:30,KO,55.42,122,sell,NYSE
tx_0007251,2025-06-10 10:19:31,JNJ,167.33,613,sell,NYSE
tx_0008970,2025-06-10 10:19:31,MSFT,299.08,496,buy,NASDAQ
tx_0007406,2025-06-10 10:19:41,MSFT,298.01,252,buy,NASDAQ
tx_0003548,2025-06-10 10:19:43,NVDA,199.67,595,sell,NASDAQ
tx_0007477,2025-06-10 10:19:44,MCD,250.51,110,sell,NYSE
tx_0008890,2025-06-10 10:19:51,PG,141.65,660,buy,NYSE
tx_0007986,2025-06-10 10:19:52,PEP,,994,sell,NYSE
tx_0002372,2025-06-10 10:19:55,AMZN,3510.69,339,buy,NASDAQ
tx_0005392,2025-06-10 10:20:03,V,220.44,517,buy,
tx_0002751,2025-06-10 10:20:04,PG,143.67,278,sell,NYSE
tx_0006610,2025-06-10 10:20:12,BRK.B,285.99,217,sell,NYSE
tx_0004359,2025-06-10 10:20:12,NVDA,198.39,578,sell,NASDAQ
tx_0008152,2025-06-10 10:20:14,MCD,253.08,267,buy,NYSE
tx_0006308,2025-06-10 10:20:16,PYPL,246.39,864,buy,NASDAQ
tx_0000682,2025-06-10 10:20:21,V,223.47,267,sell,NYSE
tx_0002095,2025-06-10 10:20:21,KO,55.18,481,buy,NYSE
tx_0000487,2025-06-10 10:20:25,GOOGL,2819.29,966,sell,NASDAQ
tx_0002682,2025-06-10 10:20:32,GOOGL,2840.79,686,sell,NASDAQ
tx_0003016,2025-06-10 10:20:34,PYPL,247.25,791,buy,NASDAQ
tx_0009796,2025-06-10 10:20:43,GOOGL,2822.92,686,sell,NASDAQ
tx_0005333,2025-06-10 10:20:43,FB,331.64,919,buy,NASDAQ
tx_0004297,2025-06-10 10:20:46,V,223.39,344,sell,NYSE
tx_0002024,2025-06-10 10:20:47,V,221.73,583,sell,NYSE
tx_0001624,2025-06-10 10:20:48,MCD,252.06,607,buy,NYSE
tx_0008239,2025-06-10 10:20:56,MSFT,302.17,451,buy,NASDAQ
tx_0006324,2025-06-10 10:20:58,KO,55.2,376,sell,NYSE
tx_0007726,2025-06-10 10:21:00,PEP,155.3,412,sell,NYSE
tx_0002004,2025-06-10 10:21:10,PYPL,245.93,786,buy,NASDAQ
tx_0007708,2025-06-10 10:21:12,NFLX,498.04,946,sell,NASDAQ
tx_0005709,2025-06-10 10:21:12,MCD,250.95,788,sell,NYSE
tx_0002988,2025-06-10 10:21:16,DIS,172.89,928,buy,NYSE
tx_0001348,2025-06-10 10:21:18,KO,55.87,955,sell,NYSE
tx_0003197,2025-06-10 10:21:21,MSFT,300.27,966,buy,NASDAQ
tx_0008001,2025-06-10 10:21:21,MCD,252.24,181,buy,NYSE
tx_0007770,2025-06-10 10:21:23,ADBE,603.4,758,sell,NASDAQ
tx_0004040,2025-06-10 10:21:24,V,219.98,392,buy,NYSE
tx_0005586,2025-06-10 10:21:26,WMT,142.53,310,buy,NYSE
tx_0005042,2025-06-10 10:21:27,MCD,251.98,890,sell,NYSE
tx_0006016,2025-06-10 10:21:31,V,222.07,681,buy,NYSE
tx_0007837,2025-06-10 10:21:35,PG,140.84,680,buy,NYSE
tx_0004256,2025-06-10 10:21:36,MSFT,301.56,625,buy,NASDAQ
tx_0002369,2025-06-10 10:21:37,GOOGL,2837.31,272,sell,
tx_0001335,2025-06-10 10:21:47,V,223.36,427,,NYSE
tx_0008844,2025-06-10 10:21:50,NVDA,198.37,579,buy,NASDAQ
tx_0000575,2025-06-10 10:21:50,NFLX,,310,sell,NASDAQ
tx_0003611,2025-06-10 10:21:50,DIS,173.25,338,buy,NYSE
tx_0003726,2025-06-10 10:21:52,PG,143.28,344,sell,NYSE
tx_0004772,2025-06-10 10:21:53,MSFT,305.47,811,sell,NASDAQ
tx_0003335,2025-06-10 10:21:57,ADBE,609.01,244,sell,NASDAQ
tx_0002267,2025-06-10 10:21:59,BRK.B,285.35,834,buy,NYSE
tx_0003960,2025-06-10 10:22:00,BRK.B,284.74,966,sell,NYSE
tx_0005795,2025-06-10 10:22:04,GOOGL,2866.79,912,sell,NASDAQ
tx_0007546,2025-06-10 10:22:05,DIS,173.97,587,sell,NYSE
tx_0008043,2025-06-10 10:22:05,BRK.B,283.79,419,buy,NYSE
tx_0006207,2025-06-10 10:22:06,AAPL,147.25,670,buy,NASDAQ
tx_0000416,2025-06-10 10:22:06,PG,142.13,917,buy,NYSE
tx_0009046,2025-06-10 10:22:07,WMT,143.94,194,buy,NYSE
tx_0001967,2025-06-10 10:22:08,GOOGL,2859.65,693,sell,NASDAQ
tx_0004529,2025-06-10 10:22:10,FB,333.59,772,sell,NASDAQ
tx_0001931,2025-06-10 10:22:10,NFLX,495.44,214,sell,NASDAQ
tx_0003990,2025-06-10 10:22:12,KO,55.44,586,buy,NYSE
tx_0001366,2025-06-10 10:22:15,MCD,251.68,368,buy,NYSE
tx_0000696,2025-06-10 10:22:15,PYPL,245.27,971,sell,NASDAQ
tx_0003711,2025-06-10 10:22:16,ADBE,610.45,113,sell,NASDAQ
tx_0000789,2025-06-10 10:22:16,KO,55.14,815,buy,NYSE
tx_0005698,2025-06-10 10:22:18,PG,140.86,515,buy,NYSE
tx_0002537,2025-06-10 10:22:21,MCD,253.36,437,buy,NYSE
tx_0004106,2025-06-10 10:22:23,PYPL,249.21,227,sell,NASDAQ
tx_0000136,2025-06-10 10:22:23,NFLX,491.79,381,buy,NASDAQ
tx_0004374,2025-06-10 10:22:24,AMZN,3560.21,694,sell,NASDAQ
tx_0004047,2025-06-10 10:22:25,AMZN,3519.05,732,buy,NASDAQ
tx_0005896,2025-06-10 10:22:28,V,223.05,843,sell,NYSE
tx_0001953,2025-06-10 10:22:35,MA,344.67,835,sell,NYSE
tx_0008972,2025-06-10 10:22:35,PEP,152.52,367,buy,NYSE
tx_0006197,2025-06-10 10:22:35,WMT,142.91,879,buy,NYSE
tx_0009174,2025-06-10 10:22:40,PYPL,248.67,403,buy,NASDAQ
tx_0009536,2025-06-10 10:22:40,ADBE,606.35,603,sell,NASDAQ
tx_0006072,2025-06-10 10:22:41,JNJ,169.37,253,sell,NYSE
tx_0000478,2025-06-10 10:22:42,MCD,253.68,486,sell,NYSE
tx_0009289,2025-06-10 10:22:52,NFLX,490.73,218,sell,NASDAQ
tx_0005095,2025-06-10 10:22:58,TSLA,678.11,805,buy,NASDAQ
tx_0009636,2025-06-10 10:22:58,FB,332.14,292,buy,NASDAQ
tx_0009582,2025-06-10 10:23:01,TSLA,670.59,130,,NASDAQ
tx_0009858,2025-06-10 10:23:02,PEP,152.81,139,sell,NYSE
tx_0000960,2025-06-10 10:23:02,PYPL,250.05,354,sell,NASDAQ
tx_0007596,2025-06-10 10:23:04,MCD,249.51,879,sell,NYSE
tx_0002552,2025-06-10 10:23:07,KO,55.38,790,sell,NYSE
tx_0008032,2025-06-10 10:23:09,PG,141.43,682,sell,NYSE
tx_0007360,2025-06-10 10:23:13,KO,55.97,993,buy,NYSE
tx_0004196,2025-06-10 10:23:15,MCD,253.14,450,sell,NYSE
tx_0005363,2025-06-10 10:23:17,KO,55.73,263,buy,NYSE
tx_0006604,2025-06-10 10:23:23,NFLX,496.25,294,buy,NASDAQ
tx_0009451,2025-06-10 10:23:25,TSLA,676.77,923,sell,NASDAQ
tx_0000629,2025-06-10 10:23:28,PEP,152.78,539,sell,NYSE
tx_0000925,2025-06-10 10:23:34,V,222.04,998,sell,NYSE
tx_0001072,2025-06-10 10:23:35,PEP,153.29,816,buy,NYSE
tx_0003974,2025-06-10 10:23:37,AMZN,3548.41,255,sell,NASDAQ
tx_0002753,2025-06-10 10:23:37,KO,56.15,998,sell,NYSE
tx_0003909,2025-06-10 10:23:44,FB,334.79,690,buy,NASDAQ
tx_0001244,2025-06-10 10:23:45,MCD,252.57,255,buy,NYSE
tx_0003194,2025-06-10 10:23:46,AMZN,3549.11,494,buy,NASDAQ
tx_0001852,2025-06-10 10:23:48,AMZN,3543.46,895,buy,NASDAQ
tx_0007655,2025-06-10 10:23:54,PG,142.52,131,sell,NYSE
tx_0000801,2025-06-10 10:23:56,WMT,143.73,439,sell,NYSE
tx_0000027,2025-06-10 10:23:57,MA,343.35,826,buy,NYSE
tx_0002424,2025-06-10 10:24:03,KO,56.16,140,sell,NYSE
tx_0009050,2025-06-10 10:24:07,WMT,141.03,617,sell,NYSE
tx_0008772,2025-06-10 10:24:11,PEP,152.26,433,sell,NYSE
tx_0001014,2025-06-10 10:24:13,MCD,253.63,165,buy,NYSE
tx_0002320,2025-06-10 10:24:13,JNJ,166.05,498,sell,NYSE
tx_0000747,2025-06-10 10:24:14,KO,55.75,764,sell,NYSE
tx_0004976,2025-06-10 10:24:18,MA,345.5,481,sell,NYSE
tx_0004726,2025-06-10 10:24:18,MCD,252.66,600,sell,NYSE
tx_0002102,2025-06-10 10:24:21,DIS,173.1,100,buy,NYSE
tx_0001147,2025-06-10 10:24:26,PYPL,250.14,199,sell,NASDAQ
tx_0006031,2025-06-10 10:24:26,PG,140.39,451,buy,NYSE
tx_0005073,2025-06-10 10:24:27,ADBE,608.92,845,sell,NASDAQ
tx_0007858,2025-06-10 10:24:30,BRK.B,284.92,810,sell,NYSE
tx_0003859,2025-06-10 10:24:32,TSLA,670.7,214,sell,NASDAQ
tx_0001781,2025-06-10 10:24:38,MCD,252.38,212,buy,NYSE
tx_0001533,2025-06-10 10:24:39,NFLX,490.9,673,buy,NASDAQ
tx_0003638,2025-06-10 10:24:42,PEP,153.84,824,buy,NYSE
tx_0002277,2025-06-10 10:24:46,TSLA,671.28,417,sell,NASDAQ
tx_0001468,2025-06-10 10:24:51,PEP,153.99,255,buy,NYSE
tx_0003233,2025-06-10 10:24:53,PYPL,251.21,160,buy,NASDAQ
tx_0007824,2025-06-10 10:25:02,PEP,153.31,115,,NYSE
tx_0004153,2025-06-10 10:25:03,PYPL,246.39,318,sell,NASDAQ
tx_0003787,2025-06-10 10:25:06,JNJ,169.22,493,sell,NYSE
tx_0005348,2025-06-10 10:25:06,KO,55.33,606,sell,NYSE
tx_0005658,2025-06-10 10:25:09,TSLA,678.84,841,buy,NASDAQ
tx_0004774,2025-06-10 10:25:09,MCD,251.38,247,buy,NYSE
tx_0005252,2025-06-10 10:25:09,MCD,253.07,456,sell,NYSE
tx_0003437,2025-06-10 10:25:10,NVDA,196.91,591,sell,NASDAQ
tx_0001393,2025-06-10 10:25:11,DIS,,453,buy,NYSE
tx_0008025,2025-06-10 10:25:12,FB,335.84,653,buy,NASDAQ
tx_0000811,2025-06-10 10:25:16,TSLA,670.81,656,sell,NASDAQ
tx_0004990,2025-06-10 10:25:20,MSFT,304.27,867,buy,NASDAQ
tx_0002872,2025-06-10 10:25:24,NFLX,490.22,364,sell,NASDAQ
tx_0003015,2025-06-10 10:25:26,PEP,152.76,608,sell,NYSE
tx_0006546,2025-06-10 10:25:26,NFLX,488.89,239,buy,NASDAQ
tx_0008921,2025-06-10 10:25:28,NVDA,197.1,819,sell,NASDAQ
tx_0006985,2025-06-10 10:25:30,NFLX,491.22,523,sell,NASDAQ
tx_0001281,2025-06-10 10:25:32,ADBE,614.35,564,sell,NASDAQ
tx_0005115,2025-06-10 10:25:33,WMT,141.77,645,buy,NYSE
tx_0004216,2025-06-10 10:25:34,JNJ,168.0,404,sell,NYSE
tx_0002330,2025-06-10 10:25:35,V,221.85,609,buy,NYSE
tx_0008516,2025-06-10 10:25:38,PEP,152.36,696,sell,NYSE
tx_0007750,2025-06-10 10:25:43,MA,345.24,269,sell,NYSE
tx_0003066,2025-06-10 10:25:46,GOOGL,2891.58,348,buy,NASDAQ
tx_0002370,2025-06-10 10:25:46,GOOGL,2900.36,134,buy,NASDAQ
tx_0009078,2025-06-10 10:25:48,MSFT,302.27,812,sell,NASDAQ
tx_0005458,2025-06-10 10:25:48,BRK.B,283.8,611,buy,NYSE
tx_0005404,2025-06-10 10:25:55,MCD,252.55,187,sell,NYSE
tx_0005304,2025-06-10 10:25:56,KO,55.3,474,sell,NYSE
tx_0005308,2025-06-10 10:26:01,NVDA,198.02,636,sell,NASDAQ
tx_0002662,2025-06-10 10:26:02,NFLX,496.0,367,sell,NASDAQ
tx_0002976,2025-06-10 10:26:02,AMZN,3504.69,914,sell,NASDAQ
tx_0007011,2025-06-10 10:26:02,WMT,141.47,976,buy,NYSE
tx_0002052,2025-06-10 10:26:03,TSLA,676.35,909,buy,NASDAQ
tx_0003348,2025-06-10 10:26:03,MSFT,302.3,507,sell,NASDAQ
tx_0000826,2025-06-10 10:26:05,V,221.64,625,buy,NYSE
tx_0003224,2025-06-10 10:26:07,V,224.97,926,buy,NYSE
tx_0000414,2025-06-10 10:26:08,KO,55.34,354,sell,
tx_0001267,2025-06-10 10:26:10,WMT,141.31,688,buy,NYSE
tx_0000744,2025-06-10 10:26:14,KO,55.42,184,sell,NYSE
tx_0005006,2025-06-10 10:26:14,NVDA,199.98,714,sell,NASDAQ
tx_0009136,2025-06-10 10:26:14,NFLX,500.51,646,sell,NASDAQ
tx_0004813,2025-06-10 10:26:15,AMZN,3508.11,805,sell,NASDAQ
tx_0005286,2025-06-10 10:26:15,V,225.03,750,buy,NYSE
tx_0009166,2025-06-10 10:26:16,ADBE,613.17,697,buy,NASDAQ
tx_0008633,2025-06-10 10:26:20,MSFT,303.96,547,buy,NASDAQ
tx_0007318,2025-06-10 10:26:24,WMT,143.89,341,sell,NYSE
tx_0009882,2025-06-10 10:26:25,AMZN,3552.73,550,buy,NASDAQ
tx_0009297,2025-06-10 10:26:28,ADBE,609.77,358,sell,NASDAQ
tx_0009552,2025-06-10 10:26:28,WMT,143.55,696,sell,NYSE
tx_0006386,2025-06-10 10:26:33,MSFT,303.3,645,buy,NASDAQ
tx_0005645,2025-06-10 10:26:38,NFLX,502.42,574,buy,NASDAQ
tx_0003481,2025-06-10 10:26:38,V,222.88,752,buy,NYSE
tx_0008920,2025-06-10 10:26:43,WMT,143.01,579,sell,NYSE
tx_0009564,2025-06-10 10:26:43,TSLA,670.23,267,buy,NASDAQ
tx_0007222,2025-06-10 10:26:54,DIS,171.52,694,sell,NYSE
tx_0003433,2025-06-10 10:26:58,PG,142.64,178,buy,NYSE
tx_0005856,2025-06-10 10:26:59,DIS,171.35,621,buy,NYSE
tx_0001252,2025-06-10 10:27:02,PEP,151.35,369,buy,NYSE
tx_0008538,2025-06-10 10:27:03,FB,331.53,550,sell,NASDAQ
tx_0009501,2025-06-10 10:27:06,FB,334.0,899,buy,
tx_0007303,2025-06-10 10:27:07,TSLA,677.34,715,buy,NASDAQ
tx_0007060,2025-06-10 10:27:18,PYPL,249.58,293,sell,NASDAQ
tx_0006510,2025-06-10 10:27:20,DIS,174.56,172,sell,NYSE
tx_0005662,2025-06-10 10:27:22,TSLA,679.73,272,sell,NASDAQ
tx_0005385,2025-06-10 10:27:29,PYPL,251.46,955,buy,NASDAQ
tx_0003964,2025-06-10 10:27:30,TSLA,678.81,637,buy,NASDAQ
tx_0003919,2025-06-10 10:27:31,V,222.54,842,sell,NYSE
tx_0007397,2025-06-10 10:27:33,NFLX,498.82,173,,NASDAQ
tx_0007073,2025-06-10 10:27:35,NVDA,199.16,442,sell,NASDAQ
tx_0009726,2025-06-10 10:27:39,FB,335.84,480,sell,NASDAQ
tx_0006132,2025-06-10 10:27:40,KO,54.87,675,buy,NYSE
tx_0003395,2025-06-10 10:27:41,DIS,174.1,983,buy,NYSE
tx_0009461,2025-06-10 10:27:42,MCD,251.37,549,buy,NYSE
tx_0001061,2025-06-10 10:27:42,V,220.58,427,sell,NYSE
tx_0006469,2025-06-10 10:27:42,NFLX,498.89,886,buy,NASDAQ
tx_0004786,2025-06-10 10:27:48,V,220.2,333,buy,NYSE
tx_0004549,2025-06-10 10:27:48,ADBE,615.11,741,buy,NASDAQ
tx_0003552,2025-06-10 10:27:52,ADBE,610.92,821,sell,NASDAQ
tx_0004305,2025-06-10 10:27:52,V,220.19,174,buy,NYSE
tx_0002586,2025-06-10 10:27:56,AMZN,3492.42,855,buy,NASDAQ
tx_0000452,2025-06-10 10:28:03,NVDA,199.15,923,buy,NASDAQ
tx_0005499,2025-06-10 10:28:04,GOOGL,2858.53,672,sell,NASDAQ
tx_0007942,2025-06-10 10:28:06,MCD,250.38,534,buy,NYSE
tx_0004855,2025-06-10 10:28:08,PYPL,247.49,897,buy,NASDAQ
tx_0006095,2025-06-10 10:28:08,AAPL,150.66,642,sell,NASDAQ
tx_0004991,2025-06-10 10:28:11,ADBE,615.08,276,sell,NASDAQ
tx_0009478,2025-06-10 10:28:15,JNJ,167.46,294,sell,NYSE
tx_0007413,2025-06-10 10:28:17,ADBE,608.21,987,sell,NASDAQ
tx_0002063,2025-06-10 10:28:22,PEP,149.96,456,sell,NYSE
tx_0001773,2025-06-10 10:28:27,PYPL,250.14,773,buy,NASDAQ
tx_0008638,2025-06-10 10:28:28,PYPL,247.6,472,buy,NASDAQ
tx_0005699,2025-06-10 10:28:32,AMZN,3516.59,793,buy,NASDAQ
tx_0008437,2025-06-10 10:28:34,MSFT,298.66,456,buy,NASDAQ
tx_0003795,2025-06-10 10:28:38,WMT,142.74,482,sell,NYSE
tx_0006842,2025-06-10 10:28:39,JNJ,169.13,115,sell,NYSE
tx_0003121,2025-06-10 10:28:40,MCD,250.12,998,buy,NYSE
tx_0006266,2025-06-10 10:28:43,TSLA,667.63,727,buy,NASDAQ
tx_0002521,2025-06-10 10:28:45,PYPL,245.72,701,buy,NASDAQ
tx_0008340,2025-06-10 10:28:46,MA,346.4,490,sell,NYSE
tx_0001662,2025-06-10 10:28:48,PEP,150.91,179,sell,NYSE
tx_0004403,2025-06-10 10:28:52,V,220.79,896,sell,NYSE
tx_0004007,2025-06-10 10:28:52,MCD,253.44,457,sell,NYSE
tx_0008811,2025-06-10 10:28:53,NFLX,495.66,763,sell,NASDAQ
tx_0005043,2025-06-10 10:29:00,WMT,142.55,357,buy,NYSE
tx_0003033,2025-06-10 10:29:04,PYPL,245.59,228,sell,NASDAQ
tx_0000447,2025-06-10 10:29:05,MA,343.54,750,sell,NYSE
tx_0007540,2025-06-10 10:29:06,MCD,251.36,624,buy,NYSE
tx_0006053,2025-06-10 10:29:12,PG,140.88,335,sell,NYSE
tx_0003316,2025-06-10 10:29:12,WMT,144.5,641,sell,NYSE
tx_0000720,2025-06-10 10:29:13,GOOGL,2854.19,251,buy,NASDAQ
tx_0000805,2025-06-10 10:29:14,BRK.B,282.8,794,sell,NYSE
tx_0004255,2025-06-10 10:29:19,WMT,143.21,240,buy,NYSE
tx_0006074,2025-06-10 10:29:23,KO,55.0,210,sell,NYSE
tx_0001846,2025-06-10 10:29:24,NFLX,502.3,334,buy,NASDAQ
tx_0009080,2025-06-10 10:29:24,MSFT,299.51,665,sell,NASDAQ
tx_0006453,2025-06-10 10:29:25,NVDA,198.67,439,sell,NASDAQ
tx_0005907,2025-06-10 10:29:27,NFLX,501.49,450,buy,NASDAQ
tx_0006825,2025-06-10 10:29:34,WMT,145.2,216,buy,NYSE
tx_0007826,2025-06-10 10:29:35,GOOGL,2873.14,660,buy,NASDAQ
tx_0007190,2025-06-10 10:29:46,PYPL,250.82,371,buy,NASDAQ
tx_0007144,2025-06-10 10:29:47,WMT,143.42,851,sell,NYSE
tx_0001597,2025-06-10 10:29:49,WMT,144.35,716,sell,NYSE
tx_0001031,2025-06-10 10:29:53,TSLA,682.91,601,,NASDAQ
tx_0002502,2025-06-10 10:29:56,MCD,253.12,878,sell,NYSE
tx_0009778,2025-06-10 10:29:57,BRK.B,285.12,218,buy,NYSE
tx_0007240,2025-06-10 10:29:59,MCD,252.93,837,buy,NYSE
tx_0001637,2025-06-10 10:30:00,MCD,250.6,614,sell,NYSE
tx_0005426,2025-06-10 10:30:00,WMT,144.43,505,buy,NYSE
tx_0007329,2025-06-10 10:30:04,NFLX,496.28,467,buy,NASDAQ
tx_0003440,2025-06-10 10:30:12,GOOGL,2866.81,778,buy,NASDAQ
tx_0003326,2025-06-10 10:30:18,MA,341.76,731,buy,NYSE
tx_0006421,2025-06-10 10:30:18,NVDA,199.22,427,buy,NASDAQ
tx_0004947,2025-06-10 10:30:18,MA,346.53,917,buy,NYSE
tx_0001616,2025-06-10 10:30:26,DIS,170.57,838,buy,NYSE
tx_0001596,2025-06-10 10:30:26,WMT,144.04,266,sell,NYSE
tx_0008706,2025-06-10 10:30:27,MA,341.28,721,sell,NYSE
tx_0008943,2025-06-10 10:30:29,WMT,145.09,447,buy,NYSE
tx_0007091,2025-06-10 10:30:30,WMT,144.15,768,buy,NYSE
tx_0002899,2025-06-10 10:30:36,JNJ,167.02,452,sell,NYSE
tx_0007760,2025-06-10 10:30:40,MSFT,305.14,1000,buy,NASDAQ
tx_0008702,2025-06-10 10:30:40,PYPL,250.45,126,buy,NASDAQ
tx_0002021,2025-06-10 10:30:42,TSLA,676.84,270,buy,NASDAQ
tx_0007293,2025-06-10 10:30:48,AMZN,3485.7,269,buy,NASDAQ
tx_0004136,2025-06-10 10:30:51,GOOGL,2876.08,555,sell,NASDAQ
tx_0009171,2025-06-10 10:30:55,MCD,252.37,565,sell,NYSE
tx_0004070,2025-06-10 10:30:57,PG,141.39,249,sell,NYSE
tx_0006450,2025-06-10 10:31:00,MSFT,300.11,514,buy,NASDAQ
tx_0006472,2025-06-10 10:31:00,V,222.41,473,buy,NYSE
tx_0007046,2025-06-10 10:31:01,V,220.61,413,buy,NYSE
tx_0005798,2025-06-10 10:31:04,ADBE,613.07,947,sell,NASDAQ
tx_0004517,2025-06-10 10:31:13,BRK.B,285.28,763,buy,
tx_0003398,2025-06-10 10:31:13,ADBE,607.51,705,sell,NASDAQ
tx_0006582,2025-06-10 10:31:22,PG,138.98,309,sell,NYSE
tx_0000469,2025-06-10 10:31:26,AAPL,151.95,716,sell,NASDAQ
tx_0005178,2025-06-10 10:31:27,MA,339.84,456,buy,NYSE
tx_0008801,2025-06-10 10:31:28,AAPL,150.93,692,sell,NASDAQ
tx_0004168,2025-06-10 10:31:33,PEP,151.07,706,sell,NYSE
tx_0000333,2025-06-10 10:31:35,MCD,253.01,208,buy,NYSE
tx_0009062,2025-06-10 10:31:36,PYPL,249.81,983,buy,NASDAQ
tx_0008171,2025-06-10 10:31:40,NFLX,501.36,474,sell,NASDAQ
tx_0001862,2025-06-10 10:31:40,JNJ,166.39,397,buy,NYSE
tx_0005782,2025-06-10 10:31:41,PEP,,507,buy,NYSE
tx_0007690,2025-06-10 10:31:46,DIS,170.25,769,sell,NYSE
tx_0001312,2025-06-10 10:31:49,JNJ,168.83,730,sell,NYSE
tx_0005134,2025-06-10 10:31:49,AAPL,150.89,288,buy,NASDAQ
tx_0001622,2025-06-10 10:31:52,NFLX,499.25,613,buy,NASDAQ
tx_0003932,2025-06-10 10:31:54,NFLX,497.87,578,buy,NASDAQ
tx_0005494,2025-06-10 10:31:57,GOOGL,2861.22,584,sell,NASDAQ
tx_0005696,2025-06-10 10:32:08,FB,331.98,145,buy,NASDAQ
tx_0008543,2025-06-10 10:32:11,PG,139.07,816,sell,NYSE
tx_0005991,2025-06-10 10:32:11,NVDA,198.61,304,buy,NASDAQ
tx_0001955,2025-06-10 10:32:12,PG,139.31,857,buy,NYSE
tx_0007320,2025-06-10 10:32:14,TSLA,681.15,101,buy,NASDAQ
tx_0002271,2025-06-10 10:32:15,WMT,145.02,435,buy,NYSE
tx_0005701,2025-06-10 10:32:15,WMT,144.57,594,sell,NYSE
tx_0009913,2025-06-10 10:32:16,PYPL,247.24,454,sell,NASDAQ
tx_0006467,2025-06-10 10:32:16,PG,140.25,762,sell,NYSE
tx_0003738,2025-06-10 10:32:17,GOOGL,2836.21,893,,NASDAQ
tx_0009116,2025-06-10 10:32:20,BRK.B,284.45,965,buy,NYSE
tx_0007290,2025-06-10 10:32:23,ADBE,611.74,861,sell,NASDAQ
tx_0004134,2025-06-10 10:32:24,WMT,143.22,586,sell,NYSE
tx_0006868,2025-06-10 10:32:29,KO,55.19,191,buy,NYSE
tx_0005154,2025-06-10 10:32:34,GOOGL,2834.26,652,buy,NASDAQ
tx_0007245,2025-06-10 10:32:36,MSFT,300.18,687,sell,NASDAQ
tx_0007975,2025-06-10 10:32:40,MA,341.2,887,buy,NYSE
tx_0001241,2025-06-10 10:32:42,JNJ,168.62,263,buy,NYSE
tx_0001293,2025-06-10 10:32:44,MCD,250.11,690,sell,NYSE
tx_0003447,2025-06-10 10:32:46,NFLX,505.38,497,buy,NASDAQ
tx_0005777,2025-06-10 10:32:58,ADBE,612.06,289,buy,NASDAQ
tx_0007577,2025-06-10 10:33:01,AMZN,3471.58,559,sell,NASDAQ
tx_0001471,2025-06-10 10:33:05,MCD,250.69,374,sell,NYSE
tx_0005152,2025-06-10 10:33:07,BRK.B,286.88,906,buy,NYSE
tx_0001006,2025-06-10 10:33:07,PG,141.05,675,buy,NYSE
tx_0004242,2025-06-10 10:33:09,ADBE,619.82,499,sell,NASDAQ
tx_0006395,2025-06-10 10:33:15,GOOGL,2856.27,445,sell,NASDAQ
tx_0003045,2025-06-10 10:33:16,TSLA,682.06,858,buy,NASDAQ
tx_0006927,2025-06-10 10:33:18,MCD,249.08,120,buy,NYSE
tx_0008631,2025-06-10 10:33:19,AAPL,149.78,606,buy,NASDAQ
tx_0004331,2025-06-10 10:33:28,V,219.29,625,buy,NYSE
tx_0007129,2025-06-10 10:33:34,PG,139.47,246,sell,NYSE
tx_0009940,2025-06-10 10:33:35,AMZN,3530.36,704,buy,NASDAQ
tx_0006753,2025-06-10 10:33:37,AAPL,150.88,243,buy,NASDAQ
tx_0002437,2025-06-10 10:33:38,AMZN,3490.7,439,sell,NASDAQ
tx_0003089,2025-06-10 10:33:39,AMZN,3494.14,517,buy,NASDAQ
tx_0005727,2025-06-10 10:33:44,FB,336.38,352,buy,NASDAQ
tx_0006523,2025-06-10 10:33:45,PEP,150.93,894,sell,NYSE
tx_0006254,2025-06-10 10:33:47,AMZN,3487.59,952,sell,NASDAQ
tx_0008252,2025-06-10 10:33:57,KO,55.83,639,buy,NYSE
tx_0006500,2025-06-10 10:33:57,AAPL,150.96,332,sell,NASDAQ
tx_0008857,2025-06-10 10:34:02,MSFT,300.96,977,sell,NASDAQ
tx_0006101,2025-06-10 10:34:03,NVDA,197.56,378,buy,NASDAQ
tx_0001158,2025-06-10 10:34:05,FB,335.91,769,buy,NASDAQ
tx_0008829,2025-06-10 10:34:06,MA,342.03,618,sell,NYSE
tx_0002351,2025-06-10 10:34:08,NVDA,199.95,1000,sell,NASDAQ
tx_0007921,2025-06-10 10:34:10,V,222.54,549,sell,NYSE
tx_0000793,2025-06-10 10:34:11,MSFT,301.39,957,sell,NASDAQ
tx_0004534,2025-06-10 10:34:15,V,222.39,650,sell,NYSE
tx_0009863,2025-06-10 10:34:17,ADBE,608.64,261,buy,NASDAQ
tx_0001642,2025-06-10 10:34:17,PG,140.36,673,buy,NYSE
tx_0003411,2025-06-10 10:34:19,KO,55.9,796,buy,NYSE
tx_0008689,2025-06-10 10:34:23,KO,55.99,656,buy,NYSE
tx_0008328,2025-06-10 10:34:24,GOOGL,2867.47,430,sell,NASDAQ
tx_0002118,2025-06-10 10:34:24,DIS,173.53,832,buy,NYSE
tx_0009048,2025-06-10 10:34:25,NVDA,198.68,532,buy,NASDAQ
tx_0007284,2025-06-10 10:34:26,KO,56.22,890,buy,NYSE
tx_0004505,2025-06-10 10:34:28,KO,55.5,156,sell,NYSE
tx_0006531,2025-06-10 10:34:28,TSLA,677.69,675,buy,NASDAQ
tx_0008383,2025-06-10 10:34:29,WMT,144.94,500,sell,NYSE
tx_0007623,2025-06-10 10:34:32,V,219.96,121,sell,NYSE
tx_0000683,2025-06-10 10:34:32,NVDA,198.18,773,sell,NASDAQ
tx_0009404,2025-06-10 10:34:37,AMZN,3515.55,811,buy,NASDAQ
tx_0004907,2025-06-10 10:34:37,PEP,147.91,679,sell,NYSE
tx_0009225,2025-06-10 10:34:37,PEP,149.5,845,buy,NYSE
tx_0000073,2025-06-10 10:34:40,MA,342.66,192,buy,
tx_0005390,2025-06-10 10:34:42,WMT,144.34,935,buy,NYSE
tx_0007722,2025-06-10 10:34:45,PYPL,249.68,173,buy,NASDAQ
tx_0006468,2025-06-10 10:34:47,ADBE,617.64,961,buy,NASDAQ
tx_0001838,2025-06-10 10:34:49,KO,56.48,901,buy,NYSE
tx_0007663,2025-06-10 10:34:52,GOOGL,2833.23,785,sell,NASDAQ
tx_0007125,2025-06-10 10:34:54,MCD,252.6,575,sell,NYSE
tx_0005569,2025-06-10 10:34:56,AAPL,147.68,470,sell,NASDAQ
tx_0007037,2025-06-10 10:34:58,JNJ,167.9,441,buy,NYSE
tx_0009118,2025-06-10 10:34:59,TSLA,678.13,783,sell,NASDAQ
tx_0006791,2025-06-10 10:34:59,AMZN,3534.46,287,buy,NASDAQ
tx_0009221,2025-06-10 10:35:00,JNJ,165.61,917,sell,NYSE
tx_0008993,2025-06-10 10:35:04,PEP,149.76,337,sell,NYSE
tx_0008554,2025-06-10 10:35:05,PEP,147.91,284,sell,NYSE
tx_0009044,2025-06-10 10:35:06,GOOGL,2825.39,110,sell,NASDAQ
tx_0000123,2025-06-10 10:35:10,AAPL,149.35,797,buy,NASDAQ
tx_0006492,2025-06-10 10:35:14,BRK.B,284.67,841,sell,NYSE
tx_0006928,2025-06-10 10:35:18,DIS,172.74,496,buy,NYSE
tx_0003583,2025-06-10 10:35:25,AAPL,149.79,838,buy,NASDAQ
tx_0007576,2025-06-10 10:35:25,PG,137.8,516,sell,NYSE
tx_0002436,2025-06-10 10:35:30,AMZN,3565.15,319,sell,NASDAQ
tx_0003244,2025-06-10 10:35:31,WMT,144.57,552,buy,NYSE
tx_0005764,2025-06-10 10:35:31,DIS,171.05,732,buy,NYSE
tx_0005648,2025-06-10 10:35:33,WMT,142.69,547,sell,NYSE
tx_0008116,2025-06-10 10:35:33,AMZN,3554.74,949,buy,NASDAQ
tx_0009595,2025-06-10 10:35:37,AAPL,148.96,435,sell,NASDAQ
tx_0003048,2025-06-10 10:35:37,MA,341.74,936,buy,NYSE
tx_0002022,2025-06-10 10:35:41,NVDA,197.75,748,buy,NASDAQ
tx_0007590,2025-06-10 10:35:41,PEP,148.32,368,buy,NYSE
tx_0000542,2025-06-10 10:35:43,ADBE,611.59,427,sell,NASDAQ
tx_0006413,2025-06-10 10:35:44,MCD,249.12,613,sell,NYSE
tx_0008106,2025-06-10 10:35:44,AMZN,3552.14,452,buy,NASDAQ
tx_0002896,2025-06-10 10:35:45,PEP,149.1,429,,NYSE
tx_0009821,2025-06-10 10:35:48,MSFT,300.95,330,buy,NASDAQ
tx_0005166,2025-06-10 10:35:50,PYPL,245.55,136,sell,NASDAQ
tx_0002994,2025-06-10 10:35:51,BRK.B,281.97,945,buy,NYSE
tx_0007857,2025-06-10 10:35:54,MSFT,302.21,989,buy,NASDAQ
tx_0003289,2025-06-10 10:36:01,ADBE,615.7,515,buy,NASDAQ
tx_0001303,2025-06-10 10:36:02,TSLA,677.9,369,buy,NASDAQ
tx_0001504,2025-06-10 10:36:03,TSLA,669.45,654,buy,NASDAQ
tx_0009683,2025-06-10 10:36:04,NFLX,493.95,388,buy,NASDAQ
tx_0006789,2025-06-10 10:36:06,GOOGL,2842.48,771,buy,NASDAQ
tx_0004876,2025-06-10 10:36:08,MA,343.92,880,sell,NYSE
tx_0000039,2025-06-10 10:36:09,WMT,142.08,415,buy,NYSE
tx_0004371,2025-06-10 10:36:19,NFLX,496.76,926,buy,NASDAQ
tx_0005194,2025-06-10 10:36:19,FB,337.45,656,sell,NASDAQ
tx_0009931,2025-06-10 10:36:24,TSLA,680.91,683,sell,NASDAQ
tx_0004173,2025-06-10 10:36:24,GOOGL,2886.62,538,buy,NASDAQ
tx_0001836,2025-06-10 10:36:24,MA,345.23,974,buy,NYSE
tx_0009342,2025-06-10 10:36:31,ADBE,610.43,733,sell,NASDAQ
tx_0002452,2025-06-10 10:36:35,PEP,149.03,831,buy,NYSE
tx_0005411,2025-06-10 10:36:36,GOOGL,2844.08,243,sell,NASDAQ
tx_0006290,2025-06-10 10:36:38,ADBE,621.77,693,sell,NASDAQ
tx_0001723,2025-06-10 10:36:39,KO,56.19,762,sell,NYSE
tx_0004097,2025-06-10 10:36:40,V,222.51,260,buy,NYSE
tx_0002797,2025-06-10 10:36:44,MCD,251.15,516,sell,NYSE
tx_0009109,2025-06-10 10:36:46,MCD,250.93,602,buy,NYSE
tx_0009668,2025-06-10 10:36:50,AAPL,147.5,167,buy,NASDAQ
tx_0004042,2025-06-10 10:36:52,MSFT,302.51,621,buy,NASDAQ
tx_0007820,2025-06-10 10:36:57,WMT,143.04,947,sell,NYSE
tx_0007904,2025-06-10 10:37:01,PG,138.27,663,buy,NYSE
tx_0004426,2025-06-10 10:37:02,FB,338.04,476,buy,NASDAQ
tx_0005791,2025-06-10 10:37:08,MCD,250.26,635,buy,NYSE
tx_0009625,2025-06-10 10:37:08,DIS,171.89,479,buy,NYSE
tx_0009763,2025-06-10 10:37:09,GOOGL,2866.03,841,buy,NASDAQ
tx_0004810,2025-06-10 10:37:11,FB,336.5,455,buy,NASDAQ
tx_0006733,2025-06-10 10:37:16,DIS,171.19,221,sell,NYSE
tx_0008400,2025-06-10 10:37:16,JNJ,166.76,898,sell,NYSE
tx_0003082,2025-06-10 10:37:19,MA,341.51,791,sell,NYSE
tx_0009269,2025-06-10 10:37:21,ADBE,614.97,103,sell,NASDAQ
tx_0004278,2025-06-10 10:37:23,PYPL,249.15,106,buy,NASDAQ
tx_0006437,2025-06-10 10:37:24,NVDA,198.78,701,buy,NASDAQ
tx_0003629,2025-06-10 10:37:24,ADBE,619.13,937,buy,NASDAQ
tx_0004748,2025-06-10 10:37:26,TSLA,675.8,873,sell,NASDAQ
tx_0004688,2025-06-10 10:37:29,TSLA,671.82,631,buy,NASDAQ
tx_0000040,2025-06-10 10:37:29,MSFT,301.19,303,buy,NASDAQ
tx_0000912,2025-06-10 10:37:30,ADBE,612.09,391,sell,NASDAQ
tx_0003075,2025-06-10 10:37:35,PYPL,247.02,742,sell,NASDAQ
tx_0003672,2025-06-10 10:37:37,DIS,172.13,334,sell,NYSE
tx_0009248,2025-06-10 10:37:39,AMZN,3532.84,238,buy,NASDAQ
tx_0008293,2025-06-10 10:37:42,AAPL,149.61,545,buy,NASDAQ
tx_0009177,2025-06-10 10:37:42,JNJ,167.99,794,sell,NYSE
tx_0002914,2025-06-10 10:37:44,V,223.01,604,buy,NYSE
tx_0004610,2025-06-10 10:37:46,AAPL,150.07,148,buy,NASDAQ
tx_0008256,2025-06-10 10:37:46,DIS,171.4,473,buy,NYSE
tx_0002415,2025-06-10 10:37:47,PEP,148.96,255,sell,NYSE
tx_0004101,2025-06-10 10:37:47,JNJ,168.83,130,buy,NYSE
tx_0007440,2025-06-10 10:37:48,PYPL,251.38,696,sell,NASDAQ
tx_0003286,2025-06-10 10:37:50,PEP,149.02,142,buy,
tx_0002380,2025-06-10 10:37:52,BRK.B,285.11,796,,NYSE
tx_0008213,2025-06-10 10:37:55,DIS,172.0,516,buy,NYSE
tx_0005144,2025-06-10 10:37:55,NVDA,197.44,976,sell,NASDAQ
tx_0009471,2025-06-10 10:37:56,TSLA,671.77,498,sell,NASDAQ
tx_0009947,2025-06-10 10:37:58,KO,56.07,118,buy,NYSE
tx_0005588,2025-06-10 10:38:04,V,222.53,957,sell,NYSE
tx_0001249,2025-06-10 10:38:07,WMT,143.61,695,sell,NYSE
tx_0003961,2025-06-10 10:38:08,MA,344.75,978,sell,NYSE
tx_0006046,2025-06-10 10:38:09,NVDA,199.93,706,sell,NASDAQ
tx_0004414,2025-06-10 10:38:10,AAPL,148.32,862,sell,NASDAQ
tx_0007084,2025-06-10 10:38:11,MA,341.13,737,sell,
tx_0000627,2025-06-10 10:38:11,TSLA,680.11,580,sell,NASDAQ
tx_0005423,2025-06-10 10:38:19,DIS,169.89,184,sell,NYSE
tx_0007802,2025-06-10 10:38:20,WMT,143.38,872,buy,NYSE
tx_0001827,2025-06-10 10:38:20,DIS,171.07,535,sell,NYSE
tx_0006930,2025-06-10 10:38:25,BRK.B,285.6,316,sell,NYSE
tx_0006110,2025-06-10 10:38:25,MSFT,302.7,637,buy,NASDAQ
tx_0007307,2025-06-10 10:38:25,AAPL,147.37,809,sell,NASDAQ
tx_0005690,2025-06-10 10:38:28,AMZN,3554.3,408,sell,NASDAQ
tx_0006440,2025-06-10 10:38:28,PG,138.52,404,sell,NYSE
tx_0002823,2025-06-10 10:38:30,KO,55.43,505,buy,NYSE
tx_0000518,2025-06-10 10:38:32,AMZN,3541.8,157,sell,NASDAQ
tx_0004541,2025-06-10 10:38:33,MSFT,303.08,601,sell,NASDAQ
tx_0009996,2025-06-10 10:38:34,WMT,144.67,821,sell,NYSE
tx_0002673,2025-06-10 10:38:35,AAPL,146.9,928,buy,NASDAQ
tx_0002603,2025-06-10 10:38:36,MSFT,301.42,425,buy,NASDAQ
tx_0001924,2025-06-10 10:38:38,MSFT,306.23,276,buy,NASDAQ
tx_0007283,2025-06-10 10:38:39,NVDA,199.32,613,buy,NASDAQ
tx_0004146,2025-06-10 10:38:42,ADBE,610.22,572,buy,NASDAQ
tx_0009209,2025-06-10 10:38:43,FB,336.54,526,buy,NASDAQ
tx_0005377,2025-06-10 10:38:45,AAPL,149.76,930,sell,NASDAQ
tx_0001192,2025-06-10 10:38:46,AAPL,148.6,653,sell,NASDAQ
tx_0004749,2025-06-10 10:38:49,BRK.B,283.89,227,buy,NYSE
tx_0005807,2025-06-10 10:38:50,PG,137.73,169,buy,NYSE
tx_0006142,2025-06-10 10:38:51,MCD,253.67,183,sell,NYSE
tx_0000393,2025-06-10 10:38:55,KO,55.89,930,buy,NYSE
tx_0004559,2025-06-10 10:38:55,DIS,171.08,933,buy,NYSE
tx_0007093,2025-06-10 10:38:56,NFLX,501.58,658,buy,NASDAQ
tx_0009756,2025-06-10 10:38:56,MCD,253.65,400,buy,NYSE
tx_0006385,2025-06-10 10:38:57,KO,55.46,207,sell,NYSE
tx_0002958,2025-06-10 10:39:00,KO,55.68,978,buy,NYSE
tx_0005335,2025-06-10 10:39:10,BRK.B,282.92,869,buy,NYSE
tx_0004951,2025-06-10 10:39:10,JNJ,168.85,731,sell,NYSE
tx_0001655,2025-06-10 10:39:12,PG,137.34,146,sell,NYSE
tx_0009348,2025-06-10 10:39:17,BRK.B,287.18,535,buy,NYSE
tx_0008349,2025-06-10 10:39:19,V,222.03,874,sell,NYSE
tx_0002219,2025-06-10 10:39:31,DIS,171.94,401,sell,NYSE
tx_0006165,2025-06-10 10:39:35,BRK.B,285.18,415,sell,NYSE
tx_0009214,2025-06-10 10:39:38,TSLA,669.27,883,buy,NASDAQ
tx_0005338,2025-06-10 10:39:56,AMZN,3546.38,964,sell,NASDAQ
tx_0002946,2025-06-10 10:40:00,DIS,171.7,208,sell,NYSE
tx_0004983,2025-06-10 10:40:03,NFLX,496.18,149,sell,NASDAQ
tx_0001952,2025-06-10 10:40:04,KO,,572,buy,NYSE
tx_0005367,2025-06-10 10:40:04,AAPL,149.77,433,buy,NASDAQ
tx_0007641,2025-06-10 10:40:06,FB,339.99,311,sell,NASDAQ
tx_0009511,2025-06-10 10:40:13,TSLA,677.93,592,sell,NASDAQ
tx_0001689,2025-06-10 10:40:13,MCD,250.6,421,buy,NYSE
tx_0005818,2025-06-10 10:40:14,MA,346.25,953,sell,NYSE
tx_0009650,2025-06-10 10:40:15,JNJ,168.0,509,buy,NYSE
tx_0005316,2025-06-10 10:40:16,MA,341.61,266,sell,NYSE
tx_0005180,2025-06-10 10:40:17,BRK.B,287.31,931,sell,NYSE
tx_0001436,2025-06-10 10:40:18,AAPL,149.08,852,buy,NASDAQ
tx_0004843,2025-06-10 10:40:22,PG,138.51,155,sell,NYSE
tx_0005960,2025-06-10 10:40:23,FB,338.02,694,sell,NASDAQ
tx_0000490,2025-06-10 10:40:24,V,223.7,740,buy,NYSE
tx_0001372,2025-06-10 10:40:28,ADBE,610.59,419,buy,NASDAQ
tx_0000290,2025-06-10 10:40:34,JNJ,168.93,905,buy,NYSE
tx_0003817,2025-06-10 10:40:37,JNJ,168.22,621,buy,NYSE
tx_0005130,2025-06-10 10:40:41,MSFT,307.69,652,sell,NASDAQ
tx_0006996,2025-06-10 10:40:41,JNJ,168.89,611,sell,NYSE
tx_0001585,2025-06-10 10:40:42,BRK.B,285.49,129,sell,NYSE
tx_0004638,2025-06-10 10:40:43,AAPL,148.01,541,sell,NASDAQ
tx_0002663,2025-06-10 10:40:44,PEP,148.86,467,buy,NYSE
tx_0004240,2025-06-10 10:40:44,ADBE,620.17,350,buy,NASDAQ
tx_0005667,2025-06-10 10:40:45,MCD,254.96,725,buy,NYSE
tx_0000827,2025-06-10 10:40:46,AMZN,3573.0,728,sell,NASDAQ
