transaction_id,timestamp,stock_symbol,price,quantity,order_type,exchange
tx_0007237,2025-06-16 09:30:00,NFLX,498.81,496.0,sell,NASDAQ
tx_0004268,2025-06-16 09:30:02,ADBE,595.1,412.0,sell,NASDAQ
tx_0004317,2025-06-16 09:30:09,V,221.83,80.0,sell,NYSE
tx_0007739,2025-06-16 09:30:11,MA,346.83,672.0,sell,NYSE
tx_0007766,2025-06-16 09:30:12,DIS,180.32,815.0,sell,NYSE
tx_0008643,2025-06-16 09:30:13,PG,,165.0,buy,NYSE
tx_0001065,2025-06-16 09:30:15,V,217.86,626.0,sell,NYSE
tx_0006753,2025-06-16 09:30:15,PG,139.91,607.0,sell,NYSE
tx_0005547,2025-06-16 09:30:19,WMT,139.89,507.0,sell,
tx_0008653,2025-06-16 09:30:21,AMZN,,347.0,sell,NASDAQ
tx_0005863,2025-06-16 09:30:22,BRK.B,279.89,262.0,sell,NYSE
tx_0003069,2025-06-16 09:30:24,MCD,249.84,41.0,buy,NYSE
tx_0006155,2025-06-16 09:30:27,MCD,251.39,548.0,sell,NYSE
tx_0005561,2025-06-16 09:30:31,ADBE,596.29,367.0,buy,NASDAQ
tx_0000292,2025-06-16 09:30:34,JNJ,169.52,929.0,sell,NYSE
tx_0001260,2025-06-16 09:30:52,GOOGL,2818.0,924.0,buy,NASDAQ
tx_0000204,2025-06-16 09:30:52,JNJ,170.13,84.0,buy,NYSE
tx_0004644,2025-06-16 09:30:54,NFLX,501.77,763.0,buy,NASDAQ
tx_0002161,2025-06-16 09:30:56,PEP,149.35,405.0,sell,NYSE
tx_0008507,2025-06-16 09:31:01,PG,139.71,714.0,buy,NYSE
tx_0008402,2025-06-16 09:31:13,BRK.B,,631.0,sell,NYSE
tx_0004789,2025-06-16 09:31:16,DIS,180.58,637.0,sell,NYSE
tx_0009620,2025-06-16 09:31:18,GOOGL,2794.86,957.0,buy,NASDAQ
tx_0004851,2025-06-16 09:31:19,TSLA,696.71,119.0,buy,NASDAQ
tx_0002214,2025-06-16 09:31:21,BRK.B,280.57,901.0,sell,NYSE
tx_0005199,2025-06-16 09:31:24,MCD,250.36,376.0,sell,NYSE
tx_0008126,2025-06-16 09:31:27,PEP,149.26,883.0,sell,NYSE
tx_0002908,2025-06-16 09:31:31,PYPL,249.89,148.0,sell,NASDAQ
tx_0009264,2025-06-16 09:31:36,V,222.32,817.0,sell,NYSE
tx_0001451,2025-06-16 09:31:41,NFLX,499.14,24.0,sell,NASDAQ
tx_0002168,2025-06-16 09:31:42,MCD,253.32,826.0,sell,NYSE
tx_0008313,2025-06-16 09:31:45,BRK.B,281.26,597.0,buy,NYSE
tx_0000060,2025-06-16 09:31:45,PEP,151.11,766.0,sell,NYSE
tx_0003287,2025-06-16 09:31:47,PYPL,249.06,772.0,buy,NASDAQ
tx_0003932,2025-06-16 09:31:50,GOOGL,2805.13,195.0,sell,NASDAQ
tx_0003331,2025-06-16 09:31:54,AAPL,149.77,907.0,sell,NASDAQ
tx_0009524,2025-06-16 09:31:55,AMZN,3497.81,738.0,buy,NASDAQ
tx_0008604,2025-06-16 09:31:58,MA,352.74,187.0,buy,NYSE
tx_0002253,2025-06-16 09:32:08,TSLA,,723.0,sell,NASDAQ
tx_0006808,2025-06-16 09:32:09,KO,54.46,269.0,sell,NYSE
tx_0001585,2025-06-16 09:32:12,AAPL,149.7,409.0,buy,NASDAQ
tx_0001629,2025-06-16 09:32:13,MSFT,302.52,717.0,buy,NASDAQ
tx_0001234,2025-06-16 09:32:14,BRK.B,277.23,85.0,sell,NYSE
tx_0004257,2025-06-16 09:32:14,TSLA,702.63,381.0,sell,NASDAQ
tx_0007840,2025-06-16 09:32:15,KO,55.06,916.0,sell,NYSE
tx_0003421,2025-06-16 09:32:17,PEP,151.51,969.0,sell,NYSE
tx_0007730,2025-06-16 09:32:21,GOOGL,2785.96,714.0,buy,NASDAQ
tx_0003002,2025-06-16 09:32:22,BRK.B,277.98,569.0,sell,NYSE
tx_0002505,2025-06-16 09:32:25,NVDA,201.58,288.0,sell,NASDAQ
tx_0006196,2025-06-16 09:32:26,GOOGL,2774.64,150.0,sell,NASDAQ
tx_0001199,2025-06-16 09:32:27,PEP,151.06,215.0,buy,NYSE
tx_0009072,2025-06-16 09:32:28,TSLA,706.31,247.0,buy,NASDAQ
tx_0008214,2025-06-16 09:32:31,MCD,251.94,698.0,buy,NYSE
tx_0007825,2025-06-16 09:32:32,TSLA,703.39,458.0,buy,NASDAQ
tx_0007242,2025-06-16 09:32:34,KO,54.57,624.0,sell,NYSE
tx_0009411,2025-06-16 09:32:35,WMT,140.22,840.0,sell,NYSE
tx_0009359,2025-06-16 09:32:37,MA,347.34,40.0,buy,NYSE
tx_0004635,2025-06-16 09:32:41,PG,139.5,264.0,buy,NYSE
tx_0001042,2025-06-16 09:32:43,BRK.B,,481.0,sell,NYSE
tx_0006651,2025-06-16 09:32:47,NFLX,506.01,399.0,sell,NASDAQ
tx_0004095,2025-06-16 09:32:49,FB,330.59,966.0,sell,NASDAQ
tx_0003160,2025-06-16 09:32:51,JNJ,170.24,772.0,sell,NYSE
tx_0009434,2025-06-16 09:32:54,PEP,150.41,824.0,buy,NYSE
tx_0002146,2025-06-16 09:32:55,PYPL,250.33,311.0,sell,NASDAQ
tx_0004351,2025-06-16 09:33:01,WMT,139.64,627.0,sell,NYSE
tx_0003362,2025-06-16 09:33:03,ADBE,599.57,549.0,buy,NASDAQ
tx_0009183,2025-06-16 09:33:05,TSLA,705.08,140.0,buy,NASDAQ
tx_0000865,2025-06-16 09:33:06,GOOGL,2815.57,111.0,sell,NASDAQ
tx_0008176,2025-06-16 09:33:07,AMZN,3533.97,179.0,sell,NASDAQ
tx_0004434,2025-06-16 09:33:10,AMZN,3521.47,248.0,buy,NASDAQ
tx_0009320,2025-06-16 09:33:11,MA,352.55,180.0,sell,NYSE
tx_0004485,2025-06-16 09:33:14,MA,348.46,509.0,buy,NYSE
tx_0003289,2025-06-16 09:33:15,MSFT,301.04,736.0,buy,NASDAQ
tx_0006311,2025-06-16 09:33:15,KO,55.1,299.0,sell,NYSE
tx_0007466,2025-06-16 09:33:15,DIS,183.73,186.0,buy,NYSE
tx_0000530,2025-06-16 09:33:16,MCD,251.09,627.0,buy,NYSE
tx_0003146,2025-06-16 09:33:16,NVDA,200.49,888.0,buy,NASDAQ
tx_0005030,2025-06-16 09:33:17,NFLX,506.04,34.0,sell,NASDAQ
tx_0003071,2025-06-16 09:33:19,JNJ,168.11,226.0,buy,NYSE
tx_0007728,2025-06-16 09:33:20,MA,347.72,976.0,buy,NYSE
tx_0003627,2025-06-16 09:33:23,FB,327.96,521.0,buy,NASDAQ
tx_0009416,2025-06-16 09:33:30,AAPL,151.28,36.0,sell,NASDAQ
tx_0007161,2025-06-16 09:33:36,V,219.99,769.0,sell,
tx_0003812,2025-06-16 09:33:40,AAPL,148.94,459.0,buy,NASDAQ
tx_0000002,2025-06-16 09:33:53,NFLX,497.54,455.0,sell,NASDAQ
tx_0008616,2025-06-16 09:33:54,GOOGL,2814.04,300.0,sell,NASDAQ
tx_0007519,2025-06-16 09:34:01,AMZN,3540.54,198.0,buy,NASDAQ
tx_0003527,2025-06-16 09:34:03,MA,348.8,909.0,buy,NYSE
tx_0007797,2025-06-16 09:34:04,PG,140.04,422.0,buy,NYSE
tx_0003335,2025-06-16 09:34:06,GOOGL,2806.0,763.0,buy,NASDAQ
tx_0008621,2025-06-16 09:34:07,NVDA,200.01,473.0,sell,NASDAQ
tx_0002534,2025-06-16 09:34:09,AAPL,150.65,761.0,sell,NASDAQ
tx_0007203,2025-06-16 09:34:12,FB,332.8,472.0,sell,NASDAQ
tx_0002889,2025-06-16 09:34:12,NFLX,500.67,916.0,sell,NASDAQ
tx_0000156,2025-06-16 09:34:13,NVDA,200.15,425.0,buy,NASDAQ
tx_0001729,2025-06-16 09:34:13,ADBE,599.51,524.0,sell,NASDAQ
tx_0009279,2025-06-16 09:34:14,DIS,183.68,640.0,buy,NYSE
tx_0001219,2025-06-16 09:34:16,TSLA,694.28,457.0,buy,NASDAQ
tx_0001916,2025-06-16 09:34:17,AAPL,149.8,684.0,buy,NASDAQ
tx_0005525,2025-06-16 09:34:18,KO,54.41,210.0,sell,NYSE
tx_0001118,2025-06-16 09:34:19,KO,55.39,288.0,buy,NYSE
tx_0005005,2025-06-16 09:34:21,AMZN,3518.42,776.0,sell,NASDAQ
tx_0008898,2025-06-16 09:34:21,ADBE,605.61,168.0,buy,NASDAQ
tx_0002603,2025-06-16 09:34:25,MSFT,298.78,871.0,buy,NASDAQ
tx_0001709,2025-06-16 09:34:29,NVDA,201.68,123.0,sell,NASDAQ
tx_0004720,2025-06-16 09:34:33,TSLA,689.94,749.0,sell,NASDAQ
tx_0006674,2025-06-16 09:34:33,JNJ,170.22,982.0,sell,NYSE
tx_0002710,2025-06-16 09:34:34,V,223.84,311.0,buy,NYSE
tx_0003929,2025-06-16 09:34:36,AMZN,3545.12,475.0,sell,NASDAQ
tx_0004444,2025-06-16 09:34:39,PEP,149.25,257.0,sell,NYSE
tx_0002410,2025-06-16 09:34:40,ADBE,604.66,477.0,buy,NASDAQ
tx_0008053,2025-06-16 09:34:44,KO,54.33,521.0,sell,NYSE
tx_0001087,2025-06-16 09:34:46,PYPL,250.94,484.0,sell,NASDAQ
tx_0004932,2025-06-16 09:34:46,V,224.12,855.0,sell,NYSE
tx_0006255,2025-06-16 09:34:47,V,221.41,778.0,sell,NYSE
tx_0004646,2025-06-16 09:34:47,TSLA,698.89,55.0,buy,NASDAQ
tx_0006336,2025-06-16 09:34:48,BRK.B,276.63,754.0,buy,NYSE
tx_0005766,2025-06-16 09:34:50,V,222.53,826.0,buy,NYSE
tx_0007850,2025-06-16 09:34:52,DIS,183.81,589.0,sell,NYSE
tx_0000127,2025-06-16 09:34:57,PEP,151.29,314.0,buy,NYSE
tx_0009606,2025-06-16 09:35:00,NVDA,202.38,402.0,buy,NASDAQ
tx_0009643,2025-06-16 09:35:05,MCD,252.85,505.0,sell,NYSE
tx_0001146,2025-06-16 09:35:06,MSFT,301.85,799.0,sell,NASDAQ
tx_0006928,2025-06-16 09:35:12,GOOGL,2815.02,551.0,sell,NASDAQ
tx_0008384,2025-06-16 09:35:14,DIS,183.88,596.0,buy,NYSE
tx_0006610,2025-06-16 09:35:16,MA,352.1,717.0,buy,NYSE
tx_0007352,2025-06-16 09:35:18,BRK.B,279.01,790.0,sell,NYSE
tx_0001364,2025-06-16 09:35:18,FB,332.56,172.0,sell,NASDAQ
tx_0001895,2025-06-16 09:35:19,PEP,149.9,102.0,buy,NYSE
tx_0005699,2025-06-16 09:35:21,KO,54.52,853.0,sell,NYSE
tx_0000736,2025-06-16 09:35:22,JNJ,169.73,941.0,buy,NYSE
tx_0003651,2025-06-16 09:35:23,JNJ,168.73,954.0,buy,NYSE
tx_0002660,2025-06-16 09:35:24,GOOGL,2828.01,66.0,buy,NASDAQ
tx_0008771,2025-06-16 09:35:26,KO,55.05,480.0,buy,NYSE
tx_0001763,2025-06-16 09:35:27,V,222.68,202.0,buy,NYSE
tx_0002120,2025-06-16 09:35:28,MSFT,302.35,379.0,sell,NASDAQ
tx_0006592,2025-06-16 09:35:29,AMZN,3541.74,613.0,buy,NASDAQ
tx_0001771,2025-06-16 09:35:32,NFLX,502.8,596.0,sell,NASDAQ
tx_0006000,2025-06-16 09:35:32,GOOGL,2802.76,554.0,buy,NASDAQ
tx_0002832,2025-06-16 09:35:35,PEP,151.27,601.0,buy,NYSE
tx_0000593,2025-06-16 09:35:35,AAPL,148.27,532.0,sell,NASDAQ
tx_0004452,2025-06-16 09:35:43,AAPL,150.03,182.0,sell,NASDAQ
tx_0001157,2025-06-16 09:35:44,V,221.93,610.0,buy,NYSE
tx_0003327,2025-06-16 09:35:44,TSLA,690.96,855.0,sell,NASDAQ
tx_0006424,2025-06-16 09:35:44,TSLA,700.25,669.0,buy,NASDAQ
tx_0008972,2025-06-16 09:35:45,WMT,139.59,25.0,buy,NYSE
tx_0009293,2025-06-16 09:35:45,AMZN,3533.92,653.0,buy,NASDAQ
tx_0007641,2025-06-16 09:35:46,AAPL,148.14,321.0,sell,NASDAQ
tx_0002036,2025-06-16 09:35:46,NFLX,503.48,447.0,sell,NASDAQ
tx_0003208,2025-06-16 09:35:47,GOOGL,2781.57,928.0,buy,NASDAQ
tx_0004790,2025-06-16 09:35:47,ADBE,598.91,374.0,buy,NASDAQ
tx_0003178,2025-06-16 09:35:51,FB,331.21,598.0,buy,NASDAQ
tx_0008969,2025-06-16 09:35:53,DIS,184.85,253.0,buy,NYSE
tx_0000474,2025-06-16 09:36:02,TSLA,691.08,922.0,sell,NASDAQ
tx_0003211,2025-06-16 09:36:02,FB,332.38,92.0,sell,NASDAQ
tx_0009656,2025-06-16 09:36:03,TSLA,699.18,371.0,,NASDAQ
tx_0007743,2025-06-16 09:36:03,ADBE,598.86,191.0,sell,NASDAQ
tx_0004968,2025-06-16 09:36:04,NVDA,202.22,59.0,buy,NASDAQ
tx_0003005,2025-06-16 09:36:05,PG,141.22,218.0,buy,NYSE
tx_0004306,2025-06-16 09:36:08,MCD,254.64,225.0,sell,NYSE
tx_0002961,2025-06-16 09:36:15,GOOGL,2818.07,596.0,sell,NASDAQ
tx_0007713,2025-06-16 09:36:15,BRK.B,278.95,673.0,buy,NYSE
tx_0000557,2025-06-16 09:36:20,WMT,139.22,657.0,sell,NYSE
tx_0001126,2025-06-16 09:36:24,TSLA,700.45,222.0,sell,NASDAQ
tx_0005032,2025-06-16 09:36:27,BRK.B,278.96,671.0,sell,NYSE
tx_0002082,2025-06-16 09:36:29,AMZN,3523.49,526.0,buy,NASDAQ
tx_0005464,2025-06-16 09:36:30,ADBE,600.48,472.0,sell,NASDAQ
tx_0003740,2025-06-16 09:36:31,V,223.33,978.0,sell,NYSE
tx_0000274,2025-06-16 09:36:32,MA,349.05,216.0,buy,NYSE
tx_0009065,2025-06-16 09:36:32,MSFT,300.23,146.0,sell,NASDAQ
tx_0000073,2025-06-16 09:36:35,NVDA,201.93,164.0,sell,NASDAQ
tx_0008414,2025-06-16 09:36:35,JNJ,172.05,232.0,buy,NYSE
tx_0007658,2025-06-16 09:36:35,WMT,139.44,420.0,buy,NYSE
tx_0004906,2025-06-16 09:36:36,BRK.B,276.9,90.0,sell,NYSE
tx_0002647,2025-06-16 09:36:41,MA,347.14,344.0,sell,NYSE
tx_0007092,2025-06-16 09:36:42,DIS,181.85,219.0,buy,NYSE
tx_0004296,2025-06-16 09:36:43,NFLX,494.71,383.0,,NASDAQ
tx_0001802,2025-06-16 09:36:45,GOOGL,2819.92,944.0,sell,NASDAQ
tx_0006137,2025-06-16 09:36:46,PEP,149.7,553.0,buy,NYSE
tx_0007356,2025-06-16 09:36:55,JNJ,172.05,988.0,sell,NYSE
tx_0007964,2025-06-16 09:36:57,AAPL,149.28,643.0,buy,NASDAQ
tx_0000883,2025-06-16 09:36:59,JNJ,170.12,347.0,buy,NYSE
tx_0009531,2025-06-16 09:37:00,BRK.B,279.96,943.0,sell,NYSE
tx_0009726,2025-06-16 09:37:05,KO,54.76,756.0,buy,NYSE
tx_0007310,2025-06-16 09:37:15,PYPL,251.22,920.0,buy,NASDAQ
tx_0006561,2025-06-16 09:37:16,V,224.85,691.0,sell,NYSE
tx_0009577,2025-06-16 09:37:19,JNJ,168.92,182.0,sell,NYSE
tx_0008718,2025-06-16 09:37:21,GOOGL,2778.76,509.0,buy,NASDAQ
tx_0008672,2025-06-16 09:37:23,MCD,250.44,549.0,buy,NYSE
tx_0009103,2025-06-16 09:37:26,ADBE,607.08,145.0,sell,NASDAQ
tx_0003739,2025-06-16 09:37:26,MSFT,299.36,218.0,buy,NASDAQ
tx_0008787,2025-06-16 09:37:28,MSFT,301.1,654.0,sell,NASDAQ
tx_0001743,2025-06-16 09:37:28,JNJ,171.31,551.0,sell,NYSE
tx_0006967,2025-06-16 09:37:30,MCD,249.64,515.0,buy,NYSE
tx_0006413,2025-06-16 09:37:33,DIS,184.89,735.0,sell,NYSE
tx_0006405,2025-06-16 09:37:33,PYPL,251.41,639.0,buy,NASDAQ
tx_0005435,2025-06-16 09:37:34,MCD,253.83,929.0,sell,
tx_0006713,2025-06-16 09:37:38,V,222.61,404.0,buy,NYSE
tx_0004184,2025-06-16 09:37:41,KO,54.95,245.0,buy,NYSE
tx_0009363,2025-06-16 09:37:44,ADBE,604.6,125.0,sell,NASDAQ
tx_0004499,2025-06-16 09:37:45,JNJ,169.91,839.0,buy,NYSE
tx_0004014,2025-06-16 09:37:45,WMT,141.28,372.0,sell,NYSE
tx_0003169,2025-06-16 09:37:46,KO,55.15,433.0,sell,NYSE
tx_0006331,2025-06-16 09:37:46,BRK.B,275.13,929.0,sell,NYSE
tx_0007816,2025-06-16 09:37:47,AMZN,3472.49,580.0,buy,NASDAQ
tx_0007170,2025-06-16 09:37:52,GOOGL,2786.71,55.0,,NASDAQ
tx_0009176,2025-06-16 09:37:56,JNJ,171.69,492.0,buy,NYSE
tx_0009045,2025-06-16 09:37:56,PYPL,,148.0,buy,NASDAQ
tx_0005935,2025-06-16 09:37:57,ADBE,607.39,268.0,buy,NASDAQ
tx_0005757,2025-06-16 09:37:58,JNJ,171.69,269.0,sell,NYSE
tx_0007129,2025-06-16 09:38:00,PEP,149.23,711.0,sell,NYSE
tx_0004208,2025-06-16 09:38:05,MCD,254.01,129.0,sell,NYSE
tx_0005607,2025-06-16 09:38:05,FB,328.35,686.0,buy,NASDAQ
tx_0003537,2025-06-16 09:38:06,FB,332.63,534.0,sell,NASDAQ
tx_0009206,2025-06-16 09:38:10,AMZN,3481.1,700.0,buy,NASDAQ
tx_0004320,2025-06-16 09:38:11,AMZN,3484.76,988.0,sell,NASDAQ
tx_0004603,2025-06-16 09:38:18,PEP,151.62,29.0,,NYSE
tx_0003226,2025-06-16 09:38:22,DIS,184.58,221.0,sell,NYSE
tx_0003665,2025-06-16 09:38:23,NVDA,198.46,85.0,sell,NASDAQ
tx_0008163,2025-06-16 09:38:26,V,223.46,938.0,buy,NYSE
tx_0002063,2025-06-16 09:38:31,MCD,250.15,565.0,sell,NYSE
tx_0009175,2025-06-16 09:38:33,JNJ,171.88,859.0,buy,NYSE
tx_0003965,2025-06-16 09:38:36,WMT,140.66,852.0,buy,NYSE
tx_0009648,2025-06-16 09:38:36,GOOGL,2761.53,325.0,sell,NASDAQ
tx_0004218,2025-06-16 09:38:44,WMT,139.37,459.0,sell,NYSE
tx_0003033,2025-06-16 09:38:45,WMT,141.34,725.0,buy,NYSE
tx_0004596,2025-06-16 09:38:45,NVDA,201.27,927.0,sell,NASDAQ
tx_0002129,2025-06-16 09:38:46,DIS,183.16,821.0,buy,NYSE
tx_0002810,2025-06-16 09:38:47,MA,351.51,749.0,buy,NYSE
tx_0002086,2025-06-16 09:38:56,MCD,251.96,96.0,sell,NYSE
tx_0004021,2025-06-16 09:38:57,KO,55.32,311.0,sell,NYSE
tx_0005799,2025-06-16 09:39:00,KO,55.51,110.0,sell,NYSE
tx_0008322,2025-06-16 09:39:05,NVDA,198.45,725.0,buy,NASDAQ
tx_0006045,2025-06-16 09:39:05,AAPL,150.48,,sell,NASDAQ
tx_0008361,2025-06-16 09:39:06,ADBE,600.13,337.0,sell,NASDAQ
tx_0002065,2025-06-16 09:39:09,AAPL,150.92,945.0,buy,NASDAQ
tx_0005559,2025-06-16 09:39:11,MA,348.99,721.0,sell,NYSE
tx_0005355,2025-06-16 09:39:18,BRK.B,277.88,370.0,sell,NYSE
tx_0004177,2025-06-16 09:39:23,DIS,182.67,474.0,sell,NYSE
tx_0007712,2025-06-16 09:39:25,PEP,151.48,64.0,sell,NYSE
tx_0001107,2025-06-16 09:39:26,MA,346.58,948.0,buy,NYSE
tx_0000841,2025-06-16 09:39:27,MCD,251.96,170.0,buy,NYSE
tx_0000211,2025-06-16 09:39:38,NFLX,503.78,493.0,sell,NASDAQ
tx_0009406,2025-06-16 09:39:43,MCD,252.71,818.0,sell,NYSE
tx_0001258,2025-06-16 09:39:44,PEP,149.52,772.0,buy,NYSE
tx_0005761,2025-06-16 09:39:46,MA,354.15,47.0,sell,NYSE
tx_0002808,2025-06-16 09:39:48,TSLA,698.24,256.0,sell,NASDAQ
tx_0001643,2025-06-16 09:39:51,MCD,255.5,706.0,buy,NYSE
tx_0006136,2025-06-16 09:39:52,NFLX,495.55,460.0,sell,NASDAQ
tx_0008273,2025-06-16 09:39:55,DIS,185.24,716.0,sell,NYSE
tx_0004325,2025-06-16 09:39:55,PYPL,250.69,562.0,buy,NASDAQ
tx_0004178,2025-06-16 09:39:55,PYPL,249.19,768.0,buy,NASDAQ
tx_0004176,2025-06-16 09:39:57,MCD,254.97,840.0,sell,NYSE
tx_0007999,2025-06-16 09:40:01,NFLX,501.76,485.0,buy,NASDAQ
tx_0003433,2025-06-16 09:40:02,FB,332.6,458.0,sell,NASDAQ
tx_0005830,2025-06-16 09:40:05,PG,140.52,345.0,buy,NYSE
tx_0002140,2025-06-16 09:40:07,MA,351.83,802.0,buy,NYSE
tx_0000216,2025-06-16 09:40:08,NFLX,500.82,539.0,buy,NASDAQ
tx_0001515,2025-06-16 09:40:10,MSFT,299.29,312.0,sell,NASDAQ
tx_0006612,2025-06-16 09:40:11,MA,351.82,25.0,sell,NYSE
tx_0000688,2025-06-16 09:40:11,WMT,140.32,881.0,buy,NYSE
tx_0002698,2025-06-16 09:40:11,PG,139.52,182.0,sell,NYSE
tx_0004876,2025-06-16 09:40:14,AAPL,148.24,451.0,sell,NASDAQ
tx_0001457,2025-06-16 09:40:16,FB,336.58,370.0,buy,NASDAQ
tx_0007650,2025-06-16 09:40:17,PEP,150.06,348.0,sell,NYSE
tx_0005347,2025-06-16 09:40:26,NVDA,200.16,388.0,sell,NASDAQ
tx_0008173,2025-06-16 09:40:28,DIS,183.12,150.0,sell,NYSE
tx_0000089,2025-06-16 09:40:30,MA,353.41,36.0,sell,NYSE
tx_0007605,2025-06-16 09:40:37,BRK.B,276.93,986.0,sell,NYSE
tx_0000490,2025-06-16 09:40:41,WMT,139.02,450.0,buy,NYSE
tx_0005473,2025-06-16 09:40:42,NVDA,198.66,206.0,buy,NASDAQ
tx_0001606,2025-06-16 09:40:44,AAPL,149.77,47.0,buy,NASDAQ
tx_0009705,2025-06-16 09:40:56,BRK.B,277.74,308.0,sell,NYSE
tx_0002210,2025-06-16 09:40:57,BRK.B,280.62,167.0,buy,NYSE
tx_0003630,2025-06-16 09:40:58,PG,141.13,781.0,sell,NYSE
tx_0008142,2025-06-16 09:40:58,KO,54.32,213.0,sell,NYSE
tx_0007916,2025-06-16 09:40:59,AAPL,149.26,6.0,buy,NASDAQ
tx_0009343,2025-06-16 09:41:08,AMZN,3511.83,829.0,buy,NASDAQ
tx_0000922,2025-06-16 09:41:09,MCD,252.62,288.0,buy,NYSE
tx_0006048,2025-06-16 09:41:13,FB,335.28,899.0,buy,NASDAQ
tx_0002715,2025-06-16 09:41:18,MA,348.34,783.0,sell,NYSE
tx_0005426,2025-06-16 09:41:21,WMT,138.14,130.0,buy,NYSE
tx_0003632,2025-06-16 09:41:22,PG,141.37,757.0,buy,NYSE
tx_0002486,2025-06-16 09:41:24,ADBE,605.74,355.0,buy,NASDAQ
tx_0003779,2025-06-16 09:41:26,MSFT,302.64,44.0,sell,NASDAQ
tx_0000961,2025-06-16 09:41:26,KO,55.05,834.0,buy,NYSE
tx_0001570,2025-06-16 09:41:27,PEP,149.52,647.0,sell,NYSE
tx_0006904,2025-06-16 09:41:32,JNJ,170.87,569.0,sell,NYSE
tx_0000649,2025-06-16 09:41:33,JNJ,172.68,62.0,,NYSE
tx_0008311,2025-06-16 09:41:34,FB,329.8,311.0,buy,NASDAQ
tx_0004103,2025-06-16 09:41:36,PG,141.37,97.0,sell,NYSE
tx_0005912,2025-06-16 09:41:40,NFLX,502.97,680.0,buy,NASDAQ
tx_0006381,2025-06-16 09:41:41,WMT,138.54,60.0,buy,NYSE
tx_0004543,2025-06-16 09:41:47,MCD,254.12,551.0,sell,NYSE
tx_0007393,2025-06-16 09:41:51,FB,334.42,579.0,sell,NASDAQ
tx_0003252,2025-06-16 09:41:51,AMZN,3495.74,836.0,sell,NASDAQ
tx_0002228,2025-06-16 09:41:52,AAPL,148.51,,sell,NASDAQ
tx_0007383,2025-06-16 09:42:05,MA,350.13,934.0,buy,NYSE
tx_0006031,2025-06-16 09:42:06,PEP,150.83,437.0,sell,NYSE
tx_0008947,2025-06-16 09:42:10,AMZN,3474.77,787.0,buy,NASDAQ
tx_0007010,2025-06-16 09:42:10,JNJ,172.14,339.0,buy,NYSE
tx_0001904,2025-06-16 09:42:11,NFLX,499.0,857.0,sell,NASDAQ
tx_0007810,2025-06-16 09:42:16,NVDA,199.86,695.0,sell,NASDAQ
tx_0000179,2025-06-16 09:42:18,NFLX,504.44,215.0,buy,NASDAQ
tx_0007130,2025-06-16 09:42:19,MA,353.13,858.0,buy,NYSE
tx_0000286,2025-06-16 09:42:22,PYPL,247.55,158.0,sell,NASDAQ
tx_0003602,2025-06-16 09:42:24,MSFT,301.93,770.0,sell,NASDAQ
tx_0005077,2025-06-16 09:42:24,DIS,184.27,903.0,sell,NYSE
tx_0007159,2025-06-16 09:42:25,KO,54.29,340.0,buy,NYSE
tx_0009361,2025-06-16 09:42:28,WMT,140.58,243.0,sell,NYSE
tx_0000217,2025-06-16 09:42:28,BRK.B,278.07,345.0,buy,NYSE
tx_0000692,2025-06-16 09:42:29,MSFT,301.35,704.0,buy,NASDAQ
tx_0003866,2025-06-16 09:42:31,V,223.59,40.0,buy,NYSE
tx_0000541,2025-06-16 09:42:32,ADBE,604.66,75.0,buy,NASDAQ
tx_0006383,2025-06-16 09:42:40,DIS,184.18,22.0,sell,NYSE
tx_0003825,2025-06-16 09:42:40,WMT,137.8,815.0,buy,NYSE
tx_0008835,2025-06-16 09:42:42,BRK.B,276.33,267.0,sell,NYSE
tx_0001649,2025-06-16 09:42:54,MCD,252.66,589.0,buy,NYSE
tx_0004750,2025-06-16 09:42:55,PEP,151.64,560.0,buy,NYSE
tx_0008788,2025-06-16 09:42:55,PYPL,249.85,377.0,buy,NASDAQ
tx_0001211,2025-06-16 09:43:01,KO,55.07,51.0,buy,NYSE
tx_0007382,2025-06-16 09:43:02,WMT,138.94,784.0,sell,NYSE
tx_0005908,2025-06-16 09:43:03,TSLA,687.69,900.0,buy,NASDAQ
tx_0009555,2025-06-16 09:43:07,GOOGL,2803.8,44.0,sell,NASDAQ
tx_0008521,2025-06-16 09:43:10,PEP,,698.0,buy,NYSE
tx_0006652,2025-06-16 09:43:11,WMT,139.52,438.0,buy,NYSE
tx_0005896,2025-06-16 09:43:11,V,222.4,615.0,sell,NYSE
tx_0007167,2025-06-16 09:43:16,MSFT,299.68,197.0,buy,NASDAQ
tx_0003795,2025-06-16 09:43:20,PG,140.85,581.0,buy,NYSE
tx_0002632,2025-06-16 09:43:24,FB,334.97,622.0,buy,NASDAQ
tx_0002132,2025-06-16 09:43:24,WMT,140.5,174.0,buy,NYSE
tx_0007906,2025-06-16 09:43:25,AAPL,150.0,942.0,sell,NASDAQ
tx_0001134,2025-06-16 09:43:25,AMZN,3493.67,192.0,sell,NASDAQ
tx_0004026,2025-06-16 09:43:25,KO,54.62,952.0,buy,NYSE
tx_0006312,2025-06-16 09:43:26,MCD,251.25,848.0,sell,NYSE
tx_0008735,2025-06-16 09:43:28,NFLX,503.77,73.0,sell,NASDAQ
tx_0007994,2025-06-16 09:43:31,AMZN,3478.26,196.0,buy,NASDAQ
tx_0009313,2025-06-16 09:43:38,FB,333.47,782.0,buy,NASDAQ
tx_0007683,2025-06-16 09:43:44,DIS,185.75,127.0,sell,NYSE
tx_0004836,2025-06-16 09:43:45,ADBE,609.68,733.0,sell,NASDAQ
tx_0001857,2025-06-16 09:43:46,WMT,139.0,320.0,buy,NYSE
tx_0006163,2025-06-16 09:43:50,JNJ,173.11,884.0,sell,NYSE
tx_0007998,2025-06-16 09:43:51,WMT,138.58,831.0,sell,NYSE
tx_0002330,2025-06-16 09:43:55,NVDA,199.8,981.0,buy,NASDAQ
tx_0003394,2025-06-16 09:43:57,MA,354.64,875.0,buy,NYSE
tx_0000121,2025-06-16 09:43:57,V,224.28,980.0,buy,NYSE
tx_0001863,2025-06-16 09:44:01,AAPL,149.32,592.0,buy,NASDAQ
tx_0007089,2025-06-16 09:44:01,V,227.26,398.0,buy,NYSE
tx_0009433,2025-06-16 09:44:07,MSFT,302.24,920.0,sell,NASDAQ
tx_0001686,2025-06-16 09:44:08,BRK.B,278.11,151.0,buy,NYSE
tx_0003644,2025-06-16 09:44:09,KO,54.15,177.0,buy,NYSE
tx_0000958,2025-06-16 09:44:10,GOOGL,2798.61,603.0,buy,NASDAQ
tx_0005124,2025-06-16 09:44:11,NFLX,508.82,168.0,buy,NASDAQ
tx_0000813,2025-06-16 09:44:13,DIS,187.37,56.0,sell,NYSE
tx_0007791,2025-06-16 09:44:14,AAPL,149.56,805.0,buy,NASDAQ
tx_0002182,2025-06-16 09:44:15,AAPL,148.38,606.0,buy,NASDAQ
tx_0006107,2025-06-16 09:44:16,MCD,252.6,84.0,sell,NYSE
tx_0000065,2025-06-16 09:44:21,WMT,138.46,738.0,sell,NYSE
tx_0004842,2025-06-16 09:44:22,NVDA,202.87,623.0,sell,NASDAQ
tx_0000913,2025-06-16 09:44:26,V,224.4,354.0,buy,NYSE
tx_0000018,2025-06-16 09:44:28,BRK.B,277.73,495.0,buy,NYSE
tx_0009589,2025-06-16 09:44:30,JNJ,171.13,444.0,sell,NYSE
tx_0008685,2025-06-16 09:44:31,MA,352.37,356.0,buy,NYSE
tx_0001307,2025-06-16 09:44:32,PYPL,249.88,974.0,buy,NASDAQ
tx_0004601,2025-06-16 09:44:32,GOOGL,2777.2,233.0,buy,NASDAQ
tx_0009446,2025-06-16 09:44:35,BRK.B,280.83,675.0,buy,NYSE
tx_0002271,2025-06-16 09:44:36,BRK.B,279.19,160.0,sell,NYSE
tx_0000872,2025-06-16 09:44:37,PYPL,252.32,207.0,buy,NASDAQ
tx_0007135,2025-06-16 09:44:44,ADBE,597.53,447.0,buy,NASDAQ
tx_0008948,2025-06-16 09:44:48,FB,331.96,220.0,buy,NASDAQ
tx_0005552,2025-06-16 09:44:49,MCD,253.51,526.0,sell,NYSE
tx_0001674,2025-06-16 09:44:55,FB,335.55,323.0,sell,NASDAQ
tx_0005205,2025-06-16 09:44:56,PG,,241.0,buy,NYSE
tx_0006019,2025-06-16 09:44:59,PEP,149.61,119.0,sell,NYSE
tx_0002748,2025-06-16 09:45:00,NFLX,505.29,846.0,sell,NASDAQ
tx_0007223,2025-06-16 09:45:00,MSFT,300.49,548.0,buy,NASDAQ
tx_0000448,2025-06-16 09:45:03,MSFT,300.51,500.0,buy,NASDAQ
tx_0009734,2025-06-16 09:45:06,TSLA,689.25,670.0,sell,NASDAQ
tx_0005201,2025-06-16 09:45:07,GOOGL,2785.75,795.0,buy,NASDAQ
tx_0003129,2025-06-16 09:45:08,TSLA,681.48,310.0,sell,NASDAQ
tx_0003694,2025-06-16 09:45:10,KO,54.08,13.0,sell,NYSE
tx_0003151,2025-06-16 09:45:13,WMT,139.68,907.0,sell,NYSE
tx_0007247,2025-06-16 09:45:16,MSFT,300.91,291.0,sell,NASDAQ
tx_0008827,2025-06-16 09:45:21,AMZN,3495.63,593.0,buy,NASDAQ
tx_0006969,2025-06-16 09:45:25,ADBE,606.1,266.0,buy,NASDAQ
tx_0002740,2025-06-16 09:45:25,AAPL,148.54,6.0,sell,NASDAQ
tx_0004737,2025-06-16 09:45:28,BRK.B,277.7,918.0,sell,NYSE
tx_0004821,2025-06-16 09:45:28,BRK.B,277.49,85.0,sell,NYSE
tx_0000710,2025-06-16 09:45:30,MCD,255.62,72.0,sell,NYSE
tx_0003499,2025-06-16 09:45:31,FB,335.31,825.0,sell,NASDAQ
tx_0000350,2025-06-16 09:45:35,JNJ,170.79,504.0,buy,NYSE
tx_0007460,2025-06-16 09:45:41,AMZN,3456.95,40.0,buy,NASDAQ
tx_0005516,2025-06-16 09:45:43,GOOGL,2796.08,650.0,buy,NASDAQ
tx_0007472,2025-06-16 09:45:44,AMZN,3450.72,206.0,sell,NASDAQ
tx_0003172,2025-06-16 09:45:45,GOOGL,2760.27,725.0,buy,NASDAQ
tx_0000258,2025-06-16 09:45:46,ADBE,603.0,491.0,sell,NASDAQ
tx_0006269,2025-06-16 09:45:46,FB,335.69,546.0,sell,NASDAQ
tx_0008882,2025-06-16 09:45:47,PEP,149.68,787.0,sell,NYSE
tx_0009146,2025-06-16 09:45:49,MA,354.01,755.0,buy,NYSE
tx_0005826,2025-06-16 09:45:52,AMZN,3468.56,749.0,sell,NASDAQ
tx_0009080,2025-06-16 09:45:53,WMT,141.07,606.0,buy,NYSE
tx_0005994,2025-06-16 09:45:53,KO,54.83,245.0,sell,NYSE
tx_0001479,2025-06-16 09:45:55,PYPL,248.67,681.0,sell,NASDAQ
tx_0001949,2025-06-16 09:45:56,MSFT,302.38,393.0,sell,NASDAQ
tx_0004150,2025-06-16 09:45:58,AMZN,3500.14,474.0,buy,NASDAQ
tx_0005598,2025-06-16 09:45:58,AMZN,3452.64,146.0,sell,NASDAQ
tx_0004985,2025-06-16 09:45:59,WMT,140.22,798.0,buy,NYSE
tx_0003009,2025-06-16 09:45:59,TSLA,686.67,588.0,sell,NASDAQ
tx_0001735,2025-06-16 09:46:06,NFLX,503.49,463.0,sell,NASDAQ
tx_0006281,2025-06-16 09:46:09,MA,351.04,98.0,buy,NYSE
tx_0007103,2025-06-16 09:46:09,MSFT,301.97,523.0,,NASDAQ
tx_0002823,2025-06-16 09:46:09,AMZN,3482.99,514.0,buy,NASDAQ
tx_0005342,2025-06-16 09:46:09,JNJ,174.01,254.0,buy,NYSE
tx_0008875,2025-06-16 09:46:13,PYPL,248.12,520.0,sell,NASDAQ
tx_0006671,2025-06-16 09:46:13,BRK.B,281.87,442.0,sell,NYSE
tx_0002064,2025-06-16 09:46:13,PYPL,248.11,164.0,sell,NASDAQ
tx_0007453,2025-06-16 09:46:28,ADBE,608.51,82.0,sell,NASDAQ
tx_0008419,2025-06-16 09:46:30,NVDA,200.65,204.0,,NASDAQ
tx_0009518,2025-06-16 09:46:31,AMZN,3455.72,923.0,buy,NASDAQ
tx_0005614,2025-06-16 09:46:33,NVDA,203.51,77.0,,NASDAQ
tx_0007016,2025-06-16 09:46:37,WMT,138.43,40.0,buy,NYSE
tx_0004764,2025-06-16 09:46:38,AAPL,149.78,622.0,buy,NASDAQ
tx_0002658,2025-06-16 09:46:40,GOOGL,2756.6,986.0,sell,NASDAQ
tx_0004486,2025-06-16 09:46:41,TSLA,682.87,824.0,sell,NASDAQ
tx_0009420,2025-06-16 09:46:42,TSLA,688.91,373.0,sell,NASDAQ
tx_0007876,2025-06-16 09:46:43,TSLA,689.84,258.0,sell,NASDAQ
tx_0002461,2025-06-16 09:46:44,TSLA,690.47,66.0,buy,NASDAQ
tx_0006257,2025-06-16 09:46:46,PYPL,250.52,184.0,buy,NASDAQ
tx_0003956,2025-06-16 09:46:46,JNJ,173.5,894.0,sell,NYSE
tx_0007603,2025-06-16 09:46:46,PYPL,246.87,256.0,buy,NASDAQ
tx_0009266,2025-06-16 09:46:48,MSFT,300.4,782.0,sell,NASDAQ
tx_0005620,2025-06-16 09:46:50,NFLX,501.19,72.0,buy,NASDAQ
tx_0009157,2025-06-16 09:46:50,MA,355.22,223.0,sell,NYSE
tx_0006070,2025-06-16 09:46:53,ADBE,611.94,211.0,sell,NASDAQ
tx_0003861,2025-06-16 09:46:53,WMT,138.79,268.0,sell,NYSE
tx_0008431,2025-06-16 09:46:56,TSLA,683.74,43.0,buy,NASDAQ
tx_0005523,2025-06-16 09:47:03,ADBE,603.62,590.0,buy,NASDAQ
tx_0004520,2025-06-16 09:47:05,KO,54.89,906.0,buy,NYSE
tx_0001940,2025-06-16 09:47:05,PYPL,247.84,817.0,buy,NASDAQ
tx_0009109,2025-06-16 09:47:10,MCD,254.82,547.0,buy,NYSE
tx_0008571,2025-06-16 09:47:14,FB,337.83,920.0,buy,NASDAQ
tx_0009284,2025-06-16 09:47:14,PG,138.33,191.0,sell,NYSE
tx_0008012,2025-06-16 09:47:15,PYPL,249.94,79.0,buy,NASDAQ
tx_0001194,2025-06-16 09:47:18,WMT,138.68,486.0,buy,NYSE
tx_0007604,2025-06-16 09:47:19,FB,337.53,788.0,buy,NASDAQ
tx_0003949,2025-06-16 09:47:24,DIS,186.88,50.0,buy,NYSE
tx_0004824,2025-06-16 09:47:31,DIS,189.05,451.0,sell,NYSE
tx_0000234,2025-06-16 09:47:31,WMT,140.19,815.0,buy,NYSE
tx_0006105,2025-06-16 09:47:34,MA,354.4,952.0,buy,NYSE
tx_0002907,2025-06-16 09:47:39,MA,353.17,311.0,sell,NYSE
tx_0009852,2025-06-16 09:47:41,V,224.4,641.0,sell,NYSE
tx_0009457,2025-06-16 09:47:42,PG,140.82,438.0,buy,NYSE
tx_0001780,2025-06-16 09:47:43,AAPL,149.27,877.0,buy,NASDAQ
tx_0002928,2025-06-16 09:47:45,FB,334.4,158.0,buy,NASDAQ
tx_0000398,2025-06-16 09:47:50,NVDA,202.78,182.0,sell,NASDAQ
tx_0000553,2025-06-16 09:47:52,AAPL,149.35,371.0,sell,NASDAQ
tx_0003541,2025-06-16 09:47:54,V,224.33,210.0,sell,NYSE
tx_0004344,2025-06-16 09:47:55,MSFT,299.29,272.0,buy,NASDAQ
tx_0008861,2025-06-16 09:47:56,MCD,249.49,497.0,buy,NYSE
tx_0006016,2025-06-16 09:47:57,AMZN,3454.64,773.0,sell,NASDAQ
tx_0005582,2025-06-16 09:47:57,PG,139.0,16.0,buy,NYSE
tx_0007262,2025-06-16 09:47:57,AMZN,3507.04,965.0,buy,NASDAQ
tx_0009159,2025-06-16 09:48:06,BRK.B,278.03,293.0,sell,NYSE
tx_0003952,2025-06-16 09:48:10,DIS,186.64,222.0,sell,NYSE
tx_0003625,2025-06-16 09:48:11,DIS,189.11,387.0,sell,NYSE
tx_0004637,2025-06-16 09:48:15,PG,140.26,189.0,sell,NYSE
tx_0009803,2025-06-16 09:48:18,AMZN,3492.32,118.0,buy,NASDAQ
tx_0002657,2025-06-16 09:48:20,JNJ,174.41,569.0,buy,NYSE
tx_0004252,2025-06-16 09:48:23,NVDA,200.95,382.0,sell,NASDAQ
tx_0004159,2025-06-16 09:48:24,FB,335.25,445.0,buy,NASDAQ
tx_0005023,2025-06-16 09:48:26,PYPL,248.97,529.0,sell,NASDAQ
tx_0001864,2025-06-16 09:48:30,BRK.B,279.09,63.0,sell,NYSE
tx_0003743,2025-06-16 09:48:34,NFLX,504.08,357.0,sell,NASDAQ
tx_0008691,2025-06-16 09:48:35,MSFT,303.18,686.0,sell,NASDAQ
tx_0003775,2025-06-16 09:48:43,GOOGL,2769.87,,sell,NASDAQ
tx_0003941,2025-06-16 09:48:44,DIS,189.25,964.0,sell,NYSE
tx_0001475,2025-06-16 09:48:45,PYPL,246.84,398.0,sell,NASDAQ
tx_0006017,2025-06-16 09:48:47,GOOGL,2793.49,863.0,buy,NASDAQ
tx_0008099,2025-06-16 09:48:47,WMT,141.17,102.0,buy,NYSE
tx_0000267,2025-06-16 09:48:50,GOOGL,2757.36,797.0,sell,NASDAQ
tx_0005408,2025-06-16 09:48:54,MSFT,301.18,427.0,buy,NASDAQ
tx_0006260,2025-06-16 09:48:58,KO,54.72,415.0,sell,NYSE
tx_0001386,2025-06-16 09:48:58,PEP,150.47,153.0,sell,NYSE
tx_0003521,2025-06-16 09:49:03,NVDA,204.46,825.0,buy,NASDAQ
tx_0003461,2025-06-16 09:49:05,ADBE,605.99,575.0,sell,NASDAQ
tx_0004988,2025-06-16 09:49:09,GOOGL,2759.37,729.0,buy,NASDAQ
tx_0007679,2025-06-16 09:49:11,PYPL,246.48,210.0,buy,NASDAQ
tx_0004653,2025-06-16 09:49:11,BRK.B,277.99,214.0,buy,NYSE
tx_0002661,2025-06-16 09:49:13,NVDA,,349.0,sell,NASDAQ
tx_0007494,2025-06-16 09:49:16,NVDA,201.27,52.0,buy,NASDAQ
tx_0008582,2025-06-16 09:49:17,JNJ,172.03,935.0,sell,NYSE
tx_0005145,2025-06-16 09:49:21,DIS,189.59,27.0,sell,NYSE
tx_0007888,2025-06-16 09:49:27,ADBE,607.58,960.0,buy,NASDAQ
tx_0003244,2025-06-16 09:49:31,WMT,140.79,569.0,buy,
tx_0005870,2025-06-16 09:49:32,MCD,251.57,789.0,sell,NYSE
tx_0003784,2025-06-16 09:49:35,V,223.83,114.0,sell,
tx_0007995,2025-06-16 09:49:43,MA,348.42,998.0,sell,NYSE
tx_0003990,2025-06-16 09:49:44,NFLX,503.98,670.0,buy,NASDAQ
tx_0009742,2025-06-16 09:49:45,TSLA,679.18,143.0,buy,NASDAQ
tx_0003154,2025-06-16 09:49:47,BRK.B,279.36,113.0,sell,NYSE
tx_0002445,2025-06-16 09:49:52,KO,54.42,896.0,buy,NYSE
tx_0009520,2025-06-16 09:49:53,DIS,188.85,841.0,buy,NYSE
tx_0006999,2025-06-16 09:49:53,PG,138.9,209.0,buy,NYSE
tx_0007688,2025-06-16 09:49:56,JNJ,174.01,70.0,buy,NYSE
tx_0005029,2025-06-16 09:49:56,PYPL,247.22,635.0,buy,NASDAQ
tx_0007659,2025-06-16 09:49:57,PYPL,248.2,729.0,sell,NASDAQ
tx_0003501,2025-06-16 09:49:58,MCD,254.21,811.0,sell,NYSE
tx_0003088,2025-06-16 09:50:01,NFLX,497.28,649.0,sell,NASDAQ
tx_0003977,2025-06-16 09:50:04,PEP,150.22,952.0,sell,NYSE
tx_0008667,2025-06-16 09:50:04,KO,55.2,561.0,buy,NYSE
tx_0001481,2025-06-16 09:50:06,ADBE,607.2,211.0,buy,NASDAQ
tx_0002945,2025-06-16 09:50:12,DIS,189.31,438.0,buy,NYSE
tx_0002570,2025-06-16 09:50:16,NFLX,504.71,489.0,buy,NASDAQ
tx_0003150,2025-06-16 09:50:22,NVDA,200.74,42.0,sell,NASDAQ
tx_0001879,2025-06-16 09:50:27,AAPL,150.0,325.0,buy,NASDAQ
tx_0002237,2025-06-16 09:50:28,MCD,250.26,839.0,sell,NYSE
tx_0006582,2025-06-16 09:50:30,FB,332.24,166.0,sell,NASDAQ
tx_0000767,2025-06-16 09:50:36,NFLX,506.93,708.0,sell,NASDAQ
tx_0007919,2025-06-16 09:50:41,MSFT,,86.0,buy,NASDAQ
tx_0005722,2025-06-16 09:50:41,AMZN,3523.11,79.0,sell,NASDAQ
tx_0000006,2025-06-16 09:50:42,FB,333.73,941.0,sell,NASDAQ
tx_0003106,2025-06-16 09:50:44,MSFT,301.22,678.0,sell,NASDAQ
tx_0001196,2025-06-16 09:50:44,NFLX,499.57,354.0,buy,NASDAQ
tx_0001999,2025-06-16 09:50:54,NVDA,203.18,804.0,sell,NASDAQ
tx_0001371,2025-06-16 09:50:55,ADBE,607.58,344.0,buy,NASDAQ
tx_0008908,2025-06-16 09:50:55,BRK.B,282.21,877.0,sell,NYSE
tx_0008146,2025-06-16 09:51:00,DIS,188.35,678.0,sell,NYSE
tx_0003315,2025-06-16 09:51:01,ADBE,600.98,149.0,sell,NASDAQ
tx_0007062,2025-06-16 09:51:02,JNJ,172.44,654.0,buy,NYSE
tx_0000224,2025-06-16 09:51:06,FB,331.67,970.0,sell,NASDAQ
tx_0000613,2025-06-16 09:51:06,AMZN,3508.17,107.0,buy,NASDAQ
tx_0008335,2025-06-16 09:51:09,NVDA,203.0,599.0,sell,NASDAQ
tx_0006108,2025-06-16 09:51:11,JNJ,170.53,320.0,sell,NYSE
tx_0001587,2025-06-16 09:51:12,MCD,254.05,528.0,buy,NYSE
tx_0003191,2025-06-16 09:51:12,ADBE,603.92,807.0,buy,NASDAQ
tx_0003265,2025-06-16 09:51:12,AAPL,147.89,96.0,sell,NASDAQ
tx_0000612,2025-06-16 09:51:14,AMZN,3490.7,816.0,buy,NASDAQ
tx_0000219,2025-06-16 09:51:14,NVDA,201.89,823.0,sell,NASDAQ
tx_0006619,2025-06-16 09:51:18,DIS,188.77,847.0,buy,NYSE
tx_0007082,2025-06-16 09:51:21,GOOGL,2741.61,933.0,buy,NASDAQ
tx_0001788,2025-06-16 09:51:26,V,225.47,279.0,buy,NYSE
tx_0007088,2025-06-16 09:51:31,JNJ,170.32,512.0,sell,NYSE
tx_0005160,2025-06-16 09:51:32,MCD,254.11,546.0,buy,NYSE
tx_0003179,2025-06-16 09:51:33,ADBE,610.48,812.0,buy,NASDAQ
tx_0007859,2025-06-16 09:51:35,MSFT,300.25,480.0,sell,NASDAQ
tx_0004972,2025-06-16 09:51:37,AMZN,3499.97,282.0,buy,NASDAQ
tx_0007337,2025-06-16 09:51:38,AAPL,147.69,878.0,buy,NASDAQ
tx_0006894,2025-06-16 09:51:42,V,223.69,312.0,buy,NYSE
tx_0003136,2025-06-16 09:51:43,NFLX,508.4,143.0,sell,NASDAQ
tx_0004755,2025-06-16 09:51:45,DIS,188.38,433.0,buy,NYSE
tx_0005674,2025-06-16 09:51:49,WMT,140.1,695.0,sell,NYSE
tx_0008092,2025-06-16 09:51:53,V,221.01,249.0,buy,NYSE
tx_0001237,2025-06-16 09:51:55,PEP,148.79,,buy,NYSE
tx_0008477,2025-06-16 09:51:58,MCD,251.91,496.0,buy,NYSE
tx_0009502,2025-06-16 09:52:01,MCD,253.2,602.0,buy,NYSE
tx_0004659,2025-06-16 09:52:08,WMT,138.48,605.0,sell,NYSE
tx_0001409,2025-06-16 09:52:11,GOOGL,2788.18,115.0,sell,NASDAQ
tx_0004467,2025-06-16 09:52:13,PG,137.94,856.0,buy,NYSE
tx_0008508,2025-06-16 09:52:14,AAPL,148.46,665.0,buy,NASDAQ
tx_0001207,2025-06-16 09:52:14,PEP,148.89,987.0,sell,NYSE
tx_0004837,2025-06-16 09:52:16,V,223.32,616.0,buy,NYSE
tx_0009663,2025-06-16 09:52:17,PEP,149.82,447.0,buy,NYSE
tx_0004417,2025-06-16 09:52:23,GOOGL,2750.68,748.0,buy,NASDAQ
tx_0000542,2025-06-16 09:52:27,GOOGL,2760.89,770.0,sell,NASDAQ
tx_0000940,2025-06-16 09:52:28,PG,139.25,66.0,buy,NYSE
tx_0002164,2025-06-16 09:52:29,FB,338.22,979.0,sell,NASDAQ
tx_0008528,2025-06-16 09:52:29,JNJ,170.92,554.0,buy,NYSE
tx_0008441,2025-06-16 09:52:30,NVDA,202.01,603.0,sell,NASDAQ
tx_0000032,2025-06-16 09:52:34,BRK.B,277.09,659.0,buy,NYSE
tx_0005189,2025-06-16 09:52:37,PEP,147.65,306.0,buy,NYSE
tx_0004127,2025-06-16 09:52:39,FB,336.47,174.0,buy,NASDAQ
tx_0000969,2025-06-16 09:52:40,JNJ,171.11,373.0,sell,NYSE
tx_0000643,2025-06-16 09:52:41,FB,333.09,590.0,sell,NASDAQ
tx_0007239,2025-06-16 09:52:42,PEP,148.15,672.0,sell,NYSE
tx_0005580,2025-06-16 09:52:44,ADBE,606.66,678.0,sell,NASDAQ
tx_0001202,2025-06-16 09:52:45,MSFT,298.3,564.0,buy,NASDAQ
tx_0002499,2025-06-16 09:52:46,TSLA,680.82,537.0,buy,NASDAQ
tx_0008467,2025-06-16 09:52:46,PYPL,250.89,403.0,buy,NASDAQ
tx_0002061,2025-06-16 09:52:54,DIS,187.95,651.0,buy,NYSE
tx_0004282,2025-06-16 09:52:57,V,223.86,845.0,buy,NYSE
tx_0002006,2025-06-16 09:52:58,TSLA,679.53,922.0,buy,NASDAQ
tx_0001789,2025-06-16 09:53:03,AMZN,3524.8,173.0,buy,NASDAQ
tx_0002058,2025-06-16 09:53:14,AAPL,148.84,151.0,sell,NASDAQ
tx_0007830,2025-06-16 09:53:14,BRK.B,281.7,556.0,buy,NYSE
tx_0004460,2025-06-16 09:53:16,FB,339.1,58.0,sell,NASDAQ
tx_0009959,2025-06-16 09:53:16,ADBE,608.43,428.0,sell,NASDAQ
tx_0001699,2025-06-16 09:53:18,PEP,148.97,974.0,buy,NYSE
tx_0008655,2025-06-16 09:53:23,TSLA,687.41,931.0,buy,NASDAQ
tx_0000772,2025-06-16 09:53:26,JNJ,173.69,944.0,buy,NYSE
tx_0000869,2025-06-16 09:53:31,DIS,189.48,475.0,sell,NYSE
tx_0005290,2025-06-16 09:53:34,NVDA,201.27,880.0,sell,NASDAQ
tx_0005659,2025-06-16 09:53:37,MSFT,295.4,321.0,buy,NASDAQ
tx_0007377,2025-06-16 09:53:38,FB,334.35,829.0,sell,NASDAQ
tx_0007761,2025-06-16 09:53:38,BRK.B,282.47,511.0,buy,NYSE
tx_0000667,2025-06-16 09:53:43,PYPL,246.96,178.0,sell,NASDAQ
tx_0001693,2025-06-16 09:53:47,BRK.B,281.17,209.0,sell,NYSE
tx_0001526,2025-06-16 09:53:51,MA,348.13,738.0,sell,NYSE
tx_0005319,2025-06-16 09:53:55,JNJ,172.26,649.0,sell,NYSE
tx_0005013,2025-06-16 09:53:56,DIS,188.13,157.0,buy,NYSE
tx_0006649,2025-06-16 09:53:57,MCD,254.96,718.0,buy,NYSE
tx_0002947,2025-06-16 09:53:59,MCD,255.2,840.0,sell,NYSE
tx_0007660,2025-06-16 09:54:05,KO,53.93,785.0,sell,NYSE
tx_0006133,2025-06-16 09:54:11,KO,54.37,2.0,sell,NYSE
tx_0003345,2025-06-16 09:54:12,WMT,138.57,425.0,sell,NYSE
tx_0008432,2025-06-16 09:54:13,V,219.62,539.0,buy,NYSE
tx_0007637,2025-06-16 09:54:14,WMT,138.32,512.0,buy,NYSE
tx_0002391,2025-06-16 09:54:17,GOOGL,2786.17,,buy,NASDAQ
tx_0000857,2025-06-16 09:54:19,PG,138.84,931.0,buy,NYSE
tx_0003378,2025-06-16 09:54:20,AAPL,149.35,395.0,sell,NASDAQ
tx_0003047,2025-06-16 09:54:24,MCD,255.89,983.0,buy,NYSE
tx_0000921,2025-06-16 09:54:29,KO,53.88,659.0,buy,NYSE
tx_0001955,2025-06-16 09:54:30,AAPL,149.53,679.0,buy,NASDAQ
tx_0003396,2025-06-16 09:54:31,AMZN,3469.44,19.0,sell,NASDAQ
tx_0005499,2025-06-16 09:54:32,AMZN,3475.98,684.0,sell,NASDAQ
tx_0006455,2025-06-16 09:54:32,KO,54.59,699.0,buy,NYSE
tx_0009358,2025-06-16 09:54:32,NFLX,507.28,166.0,buy,NASDAQ
tx_0003451,2025-06-16 09:54:32,AAPL,149.01,866.0,buy,NASDAQ
tx_0002723,2025-06-16 09:54:35,ADBE,610.14,835.0,sell,NASDAQ
tx_0008344,2025-06-16 09:54:35,WMT,138.17,911.0,sell,NYSE
tx_0000091,2025-06-16 09:54:36,DIS,190.18,906.0,sell,NYSE
tx_0004276,2025-06-16 09:54:37,NVDA,204.57,579.0,buy,NASDAQ
tx_0005316,2025-06-16 09:54:37,PEP,149.2,500.0,buy,NYSE
tx_0000844,2025-06-16 09:54:39,GOOGL,2808.72,347.0,buy,NASDAQ
tx_0004293,2025-06-16 09:54:40,V,221.93,699.0,buy,NYSE
tx_0000746,2025-06-16 09:54:46,AMZN,3475.88,886.0,buy,NASDAQ
tx_0005634,2025-06-16 09:54:47,MSFT,300.72,987.0,sell,NASDAQ
tx_0007562,2025-06-16 09:54:47,TSLA,690.57,105.0,buy,
tx_0004224,2025-06-16 09:54:48,KO,54.23,91.0,sell,NYSE
tx_0007025,2025-06-16 09:54:50,BRK.B,280.92,211.0,sell,NYSE
tx_0001611,2025-06-16 09:54:50,GOOGL,2817.01,121.0,sell,NASDAQ
tx_0001431,2025-06-16 09:54:52,WMT,139.89,669.0,sell,NYSE
tx_0005248,2025-06-16 09:54:52,AMZN,3508.04,820.0,sell,NASDAQ
tx_0001309,2025-06-16 09:54:52,KO,54.96,875.0,sell,NYSE
tx_0005311,2025-06-16 09:54:55,PG,139.89,861.0,buy,NYSE
tx_0003361,2025-06-16 09:54:56,BRK.B,282.91,736.0,buy,NYSE
tx_0008193,2025-06-16 09:54:57,TSLA,680.76,192.0,buy,NASDAQ
tx_0000899,2025-06-16 09:54:59,AAPL,148.48,255.0,sell,NASDAQ
tx_0001348,2025-06-16 09:55:00,JNJ,172.57,558.0,buy,NYSE
tx_0006519,2025-06-16 09:55:04,PG,138.85,344.0,sell,NYSE
tx_0005191,2025-06-16 09:55:06,JNJ,170.87,694.0,sell,NYSE
tx_0001815,2025-06-16 09:55:06,TSLA,682.03,877.0,buy,NASDAQ
tx_0007137,2025-06-16 09:55:07,MSFT,297.03,667.0,buy,NASDAQ
tx_0000241,2025-06-16 09:55:08,JNJ,173.05,771.0,buy,NYSE
tx_0008346,2025-06-16 09:55:10,MA,350.47,56.0,buy,NYSE
tx_0000313,2025-06-16 09:55:10,TSLA,683.24,208.0,sell,NASDAQ
tx_0009469,2025-06-16 09:55:11,JNJ,171.34,806.0,buy,NYSE
tx_0004228,2025-06-16 09:55:12,MCD,257.1,74.0,buy,NYSE
tx_0000049,2025-06-16 09:55:15,KO,54.69,921.0,sell,NYSE
tx_0002388,2025-06-16 09:55:16,GOOGL,2794.81,949.0,sell,NASDAQ
tx_0007318,2025-06-16 09:55:16,NFLX,509.44,,sell,NASDAQ
tx_0006569,2025-06-16 09:55:17,ADBE,617.62,378.0,buy,NASDAQ
tx_0002126,2025-06-16 09:55:19,NVDA,202.14,816.0,buy,NASDAQ
tx_0006276,2025-06-16 09:55:19,WMT,139.06,314.0,buy,NYSE
tx_0008385,2025-06-16 09:55:20,DIS,191.5,510.0,sell,NYSE
tx_0000094,2025-06-16 09:55:23,GOOGL,2769.14,58.0,buy,NASDAQ
tx_0004374,2025-06-16 09:55:25,AMZN,3504.87,405.0,buy,NASDAQ
tx_0005657,2025-06-16 09:55:28,WMT,140.09,827.0,sell,NYSE
tx_0003090,2025-06-16 09:55:30,WMT,140.04,827.0,buy,NYSE
tx_0006181,2025-06-16 09:55:38,PYPL,250.52,960.0,sell,NASDAQ
tx_0005498,2025-06-16 09:55:41,GOOGL,2824.05,607.0,sell,NASDAQ
tx_0003944,2025-06-16 09:55:43,PEP,148.01,234.0,buy,NYSE
tx_0007524,2025-06-16 09:55:56,PG,139.82,941.0,buy,NYSE
tx_0004287,2025-06-16 09:55:57,ADBE,612.15,508.0,sell,NASDAQ
tx_0008606,2025-06-16 09:55:58,KO,54.21,350.0,sell,NYSE
tx_0006547,2025-06-16 09:56:00,PYPL,250.11,566.0,sell,NASDAQ
tx_0006377,2025-06-16 09:56:03,GOOGL,2821.13,245.0,sell,NASDAQ
tx_0003539,2025-06-16 09:56:04,AMZN,3466.68,44.0,buy,NASDAQ
tx_0004114,2025-06-16 09:56:08,JNJ,172.03,278.0,sell,NYSE
tx_0002375,2025-06-16 09:56:10,ADBE,613.73,291.0,buy,NASDAQ
tx_0004986,2025-06-16 09:56:12,MA,349.79,860.0,buy,NYSE
tx_0000053,2025-06-16 09:56:14,PYPL,248.02,454.0,sell,NASDAQ
tx_0000674,2025-06-16 09:56:15,JNJ,173.56,272.0,buy,NYSE
tx_0009879,2025-06-16 09:56:16,KO,53.82,336.0,buy,NYSE
tx_0002414,2025-06-16 09:56:17,GOOGL,2809.49,90.0,sell,NASDAQ
tx_0005777,2025-06-16 09:56:27,GOOGL,2783.06,408.0,sell,NASDAQ
tx_0006129,2025-06-16 09:56:34,KO,54.11,515.0,sell,NYSE
tx_0003719,2025-06-16 09:56:35,TSLA,696.59,391.0,sell,NASDAQ
tx_0009708,2025-06-16 09:56:39,AMZN,3513.34,931.0,sell,NASDAQ
tx_0000562,2025-06-16 09:56:49,AAPL,147.13,307.0,sell,NASDAQ
tx_0000011,2025-06-16 09:56:51,BRK.B,279.93,212.0,sell,NYSE
tx_0000379,2025-06-16 09:56:51,FB,338.68,564.0,sell,NASDAQ
tx_0006279,2025-06-16 09:56:55,FB,338.08,61.0,buy,NASDAQ
tx_0002761,2025-06-16 09:56:58,TSLA,694.28,208.0,sell,NASDAQ
tx_0002163,2025-06-16 09:57:00,ADBE,619.2,190.0,buy,NASDAQ
tx_0001059,2025-06-16 09:57:00,KO,53.76,626.0,buy,NYSE
tx_0004138,2025-06-16 09:57:02,NFLX,516.9,863.0,sell,NASDAQ
tx_0001961,2025-06-16 09:57:02,MCD,254.8,382.0,sell,NYSE
tx_0003097,2025-06-16 09:57:10,ADBE,620.49,578.0,buy,NASDAQ
tx_0007772,2025-06-16 09:57:14,NVDA,203.28,398.0,sell,NASDAQ
tx_0007788,2025-06-16 09:57:14,PG,139.72,901.0,sell,NYSE
tx_0008713,2025-06-16 09:57:14,AAPL,148.53,241.0,sell,NASDAQ
tx_0004274,2025-06-16 09:57:14,MCD,253.63,921.0,buy,NYSE
tx_0009929,2025-06-16 09:57:15,KO,53.94,107.0,sell,NYSE
tx_0008108,2025-06-16 09:57:17,DIS,191.3,778.0,buy,NYSE
tx_0001518,2025-06-16 09:57:19,MCD,254.29,778.0,buy,NYSE
tx_0009375,2025-06-16 09:57:22,GOOGL,2806.41,535.0,buy,NASDAQ
tx_0004146,2025-06-16 09:57:23,WMT,141.55,606.0,sell,NYSE
tx_0004051,2025-06-16 09:57:25,MSFT,299.1,657.0,sell,NASDAQ
tx_0009574,2025-06-16 09:57:26,PYPL,251.95,613.0,buy,NASDAQ
tx_0002379,2025-06-16 09:57:26,AAPL,147.49,804.0,buy,NASDAQ
tx_0003356,2025-06-16 09:57:27,MCD,254.42,163.0,buy,NYSE
tx_0002485,2025-06-16 09:57:27,V,220.14,979.0,buy,NYSE
tx_0003515,2025-06-16 09:57:28,PEP,150.63,319.0,sell,NYSE
tx_0004952,2025-06-16 09:57:34,TSLA,686.16,450.0,buy,NASDAQ
tx_0002568,2025-06-16 09:57:38,TSLA,693.56,630.0,buy,NASDAQ
tx_0002566,2025-06-16 09:57:39,MCD,256.51,920.0,sell,NYSE
tx_0006870,2025-06-16 09:57:39,MCD,254.5,120.0,buy,NYSE
tx_0009178,2025-06-16 09:57:46,PG,139.9,3.0,sell,NYSE
tx_0002627,2025-06-16 09:57:46,MSFT,302.6,849.0,buy,NASDAQ
tx_0005497,2025-06-16 09:57:47,WMT,140.35,79.0,buy,NYSE
tx_0001886,2025-06-16 09:57:49,JNJ,173.1,363.0,buy,NYSE
tx_0001148,2025-06-16 09:57:49,V,218.18,356.0,sell,NYSE
tx_0003488,2025-06-16 09:57:50,KO,54.57,108.0,buy,NYSE
tx_0003223,2025-06-16 09:57:50,AMZN,3499.65,965.0,sell,NASDAQ
tx_0008451,2025-06-16 09:57:56,V,219.17,73.0,buy,NYSE
tx_0005102,2025-06-16 09:57:57,AAPL,146.23,628.0,buy,NASDAQ
tx_0003903,2025-06-16 09:58:03,MCD,255.82,937.0,sell,NYSE
tx_0000223,2025-06-16 09:58:04,BRK.B,280.14,947.0,sell,NYSE
tx_0006305,2025-06-16 09:58:05,DIS,191.58,985.0,buy,NYSE
tx_0001127,2025-06-16 09:58:05,PYPL,251.26,231.0,buy,NASDAQ
tx_0003190,2025-06-16 09:58:10,NVDA,203.42,516.0,buy,NASDAQ
tx_0001076,2025-06-16 09:58:24,BRK.B,283.62,757.0,buy,NYSE
tx_0003246,2025-06-16 09:58:25,NFLX,517.62,283.0,sell,NASDAQ
tx_0003522,2025-06-16 09:58:27,V,221.85,278.0,sell,NYSE
tx_0007727,2025-06-16 09:58:30,ADBE,624.32,684.0,sell,NASDAQ
tx_0002091,2025-06-16 09:58:32,MCD,256.63,427.0,sell,NYSE
tx_0002793,2025-06-16 09:58:35,FB,332.29,510.0,sell,NASDAQ
tx_0001750,2025-06-16 09:58:35,PYPL,251.89,80.0,sell,NASDAQ
tx_0001604,2025-06-16 09:58:44,MA,349.24,146.0,sell,NYSE
tx_0005003,2025-06-16 09:58:49,KO,54.7,633.0,buy,NYSE
tx_0009950,2025-06-16 09:58:49,MSFT,297.54,301.0,buy,NASDAQ
tx_0003520,2025-06-16 09:58:49,AAPL,146.79,253.0,sell,NASDAQ
tx_0006487,2025-06-16 09:58:55,GOOGL,2773.09,668.0,sell,NASDAQ
tx_0003722,2025-06-16 09:58:56,PG,139.56,224.0,sell,NYSE
tx_0003585,2025-06-16 09:58:57,MCD,257.58,675.0,buy,NYSE
tx_0008486,2025-06-16 09:59:01,MCD,257.93,107.0,buy,NYSE
tx_0007071,2025-06-16 09:59:03,TSLA,692.4,442.0,sell,NASDAQ
tx_0005180,2025-06-16 09:59:08,WMT,138.98,803.0,sell,NYSE
tx_0001933,2025-06-16 09:59:08,PG,138.22,502.0,sell,NYSE
tx_0005291,2025-06-16 09:59:09,MA,345.84,981.0,buy,NYSE
tx_0008489,2025-06-16 09:59:11,BRK.B,284.25,867.0,sell,NYSE
tx_0007126,2025-06-16 09:59:13,PEP,150.27,409.0,buy,NYSE
tx_0007222,2025-06-16 09:59:19,PEP,151.01,762.0,sell,NYSE
tx_0005535,2025-06-16 09:59:28,GOOGL,2770.66,428.0,,NASDAQ
tx_0005100,2025-06-16 09:59:28,MA,344.59,150.0,sell,NYSE
tx_0007846,2025-06-16 09:59:29,MA,350.95,152.0,buy,NYSE
tx_0006811,2025-06-16 09:59:35,MSFT,298.05,831.0,buy,NASDAQ
tx_0002890,2025-06-16 09:59:40,WMT,138.5,812.0,buy,NYSE
tx_0009869,2025-06-16 09:59:40,PYPL,249.39,630.0,sell,NASDAQ
tx_0006720,2025-06-16 09:59:42,AAPL,147.37,351.0,buy,NASDAQ
tx_0009730,2025-06-16 09:59:43,DIS,192.12,243.0,sell,NYSE
tx_0004611,2025-06-16 09:59:45,AMZN,3510.4,732.0,sell,NASDAQ
tx_0001776,2025-06-16 09:59:51,MA,344.83,178.0,sell,NYSE
tx_0006063,2025-06-16 09:59:51,BRK.B,283.75,533.0,buy,NYSE
tx_0007434,2025-06-16 10:00:00,V,220.19,74.0,sell,NYSE
tx_0006697,2025-06-16 10:00:05,FB,333.45,454.0,buy,NASDAQ
tx_0001088,2025-06-16 10:00:05,AMZN,3463.13,548.0,buy,NASDAQ
tx_0000738,2025-06-16 10:00:06,MA,348.47,27.0,buy,NYSE
tx_0001164,2025-06-16 10:00:09,JNJ,174.62,948.0,sell,NYSE
tx_0002800,2025-06-16 10:00:12,KO,54.83,388.0,buy,NYSE
tx_0003319,2025-06-16 10:00:13,PYPL,251.6,576.0,buy,NASDAQ
tx_0000305,2025-06-16 10:00:14,KO,54.49,414.0,sell,NYSE
tx_0001447,2025-06-16 10:00:17,AAPL,147.23,296.0,,NASDAQ
tx_0007133,2025-06-16 10:00:17,MA,346.63,684.0,sell,NYSE
tx_0008050,2025-06-16 10:00:21,PEP,150.47,445.0,buy,NYSE
tx_0005058,2025-06-16 10:00:24,AMZN,3449.48,457.0,sell,NASDAQ
tx_0006787,2025-06-16 10:00:26,PG,138.48,195.0,buy,NYSE
tx_0005854,2025-06-16 10:00:27,PEP,151.02,107.0,buy,NYSE
tx_0003341,2025-06-16 10:00:28,KO,55.13,868.0,sell,NYSE
tx_0002836,2025-06-16 10:00:32,MA,347.51,698.0,sell,NYSE
tx_0004591,2025-06-16 10:00:32,GOOGL,2791.48,,buy,NASDAQ
tx_0000956,2025-06-16 10:00:38,JNJ,174.68,285.0,sell,NYSE
tx_0003816,2025-06-16 10:00:38,NFLX,517.98,575.0,sell,NASDAQ
tx_0003856,2025-06-16 10:00:45,GOOGL,2795.51,177.0,sell,NASDAQ
tx_0002569,2025-06-16 10:00:53,MA,345.44,659.0,buy,NYSE
tx_0008102,2025-06-16 10:00:56,DIS,190.07,977.0,sell,NYSE
tx_0002235,2025-06-16 10:00:57,NFLX,518.18,155.0,sell,NASDAQ
tx_0008348,2025-06-16 10:01:00,JNJ,174.83,753.0,buy,NYSE
tx_0005305,2025-06-16 10:01:04,AAPL,146.28,195.0,buy,NASDAQ
tx_0008386,2025-06-16 10:01:10,V,224.08,378.0,sell,NYSE
tx_0001306,2025-06-16 10:01:11,AAPL,146.27,228.0,buy,NASDAQ
tx_0007367,2025-06-16 10:01:11,FB,332.97,188.0,sell,NASDAQ
tx_0002591,2025-06-16 10:01:13,AMZN,3511.94,567.0,buy,NASDAQ
tx_0009582,2025-06-16 10:01:15,WMT,140.85,871.0,sell,NYSE
tx_0002528,2025-06-16 10:01:16,JNJ,173.81,928.0,sell,NYSE
tx_0001463,2025-06-16 10:01:18,WMT,140.13,779.0,sell,NYSE
tx_0004190,2025-06-16 10:01:18,PYPL,247.47,965.0,sell,NASDAQ
tx_0007429,2025-06-16 10:01:24,AMZN,3516.03,608.0,sell,NASDAQ
tx_0008706,2025-06-16 10:01:24,TSLA,695.3,368.0,sell,NASDAQ
tx_0001982,2025-06-16 10:01:26,WMT,141.87,10.0,sell,NYSE
tx_0001541,2025-06-16 10:01:28,WMT,141.15,1000.0,sell,
tx_0002102,2025-06-16 10:01:29,NVDA,200.71,989.0,buy,NASDAQ
tx_0009125,2025-06-16 10:01:30,DIS,190.1,912.0,buy,NYSE
tx_0006737,2025-06-16 10:01:32,V,222.57,54.0,buy,NYSE
tx_0008255,2025-06-16 10:01:33,WMT,139.94,997.0,sell,NYSE
tx_0004719,2025-06-16 10:01:34,KO,54.68,960.0,sell,NYSE
tx_0003958,2025-06-16 10:01:36,PEP,152.14,876.0,sell,NYSE
tx_0005568,2025-06-16 10:01:39,FB,331.86,403.0,buy,NASDAQ
tx_0000916,2025-06-16 10:01:44,AMZN,3508.63,15.0,buy,NASDAQ
tx_0003242,2025-06-16 10:01:44,DIS,192.84,86.0,buy,NYSE
tx_0005878,2025-06-16 10:01:44,BRK.B,283.9,609.0,buy,NYSE
tx_0005412,2025-06-16 10:01:47,V,220.95,128.0,buy,NYSE
tx_0009828,2025-06-16 10:01:49,NVDA,200.79,932.0,buy,NASDAQ
tx_0008378,2025-06-16 10:01:53,WMT,142.07,573.0,sell,NYSE
tx_0000104,2025-06-16 10:01:54,GOOGL,2790.28,132.0,buy,NASDAQ
tx_0008022,2025-06-16 10:01:54,V,221.59,353.0,sell,NYSE
tx_0009568,2025-06-16 10:02:02,AAPL,145.47,436.0,sell,NASDAQ
tx_0006203,2025-06-16 10:02:04,AMZN,3517.03,284.0,sell,NASDAQ
tx_0007705,2025-06-16 10:02:07,V,222.06,980.0,sell,NYSE
tx_0004264,2025-06-16 10:02:07,MA,347.25,6.0,sell,NYSE
tx_0004680,2025-06-16 10:02:11,JNJ,174.26,421.0,sell,NYSE
tx_0008071,2025-06-16 10:02:12,FB,332.18,884.0,buy,NASDAQ
tx_0009833,2025-06-16 10:02:18,JNJ,172.92,370.0,sell,NYSE
tx_0008855,2025-06-16 10:02:18,WMT,140.21,906.0,buy,NYSE
tx_0000581,2025-06-16 10:02:18,JNJ,172.63,602.0,buy,NYSE
tx_0007899,2025-06-16 10:02:18,ADBE,619.53,468.0,sell,NASDAQ
tx_0009408,2025-06-16 10:02:21,DIS,193.4,468.0,buy,NYSE
tx_0004656,2025-06-16 10:02:22,NVDA,201.08,628.0,sell,NASDAQ
tx_0009198,2025-06-16 10:02:24,PYPL,245.97,101.0,buy,NASDAQ
tx_0004857,2025-06-16 10:02:28,NFLX,510.74,30.0,sell,NASDAQ
tx_0008039,2025-06-16 10:02:38,V,219.55,353.0,sell,NYSE
tx_0004431,2025-06-16 10:02:39,TSLA,696.53,327.0,sell,NASDAQ
tx_0006724,2025-06-16 10:02:40,PYPL,248.81,991.0,sell,NASDAQ
tx_0009612,2025-06-16 10:02:42,NFLX,506.63,742.0,sell,NASDAQ
tx_0004563,2025-06-16 10:02:42,BRK.B,281.78,457.0,buy,NYSE
tx_0005549,2025-06-16 10:02:46,V,221.56,895.0,sell,NYSE
tx_0005153,2025-06-16 10:02:47,PG,136.64,718.0,sell,NYSE
tx_0000431,2025-06-16 10:02:48,MCD,256.69,951.0,sell,NYSE
tx_0006566,2025-06-16 10:02:50,NFLX,508.81,216.0,buy,NASDAQ
tx_0004217,2025-06-16 10:02:50,BRK.B,280.96,507.0,buy,NYSE
tx_0000837,2025-06-16 10:02:53,WMT,140.4,490.0,buy,NYSE
tx_0002624,2025-06-16 10:02:56,MA,340.13,229.0,sell,NYSE
tx_0003618,2025-06-16 10:02:57,MA,343.84,858.0,buy,NYSE
tx_0003525,2025-06-16 10:03:02,AAPL,146.69,521.0,sell,NASDAQ
tx_0007331,2025-06-16 10:03:05,BRK.B,280.57,62.0,buy,NYSE
tx_0005617,2025-06-16 10:03:08,JNJ,173.69,508.0,buy,NYSE
tx_0000789,2025-06-16 10:03:09,PYPL,249.53,910.0,sell,NASDAQ
tx_0004567,2025-06-16 10:03:09,KO,53.76,702.0,buy,NYSE
tx_0005236,2025-06-16 10:03:10,WMT,142.78,598.0,sell,NYSE
tx_0004024,2025-06-16 10:03:13,WMT,142.62,866.0,sell,NYSE
tx_0001609,2025-06-16 10:03:14,TSLA,695.09,813.0,buy,NASDAQ
tx_0003535,2025-06-16 10:03:18,NFLX,509.38,423.0,buy,NASDAQ
tx_0008943,2025-06-16 10:03:19,MSFT,297.83,760.0,buy,NASDAQ
tx_0006288,2025-06-16 10:03:19,FB,335.21,351.0,sell,NASDAQ
tx_0001455,2025-06-16 10:03:20,AMZN,3498.73,815.0,buy,NASDAQ
tx_0003076,2025-06-16 10:03:22,ADBE,619.41,852.0,sell,NASDAQ
tx_0000081,2025-06-16 10:03:23,BRK.B,282.66,485.0,sell,NYSE
tx_0007523,2025-06-16 10:03:23,DIS,192.68,821.0,sell,NYSE
tx_0007748,2025-06-16 10:03:36,PG,136.61,104.0,buy,NYSE
tx_0000187,2025-06-16 10:03:39,PEP,152.33,8.0,buy,NYSE
tx_0007343,2025-06-16 10:03:44,PG,136.35,150.0,sell,NYSE
tx_0009137,2025-06-16 10:03:46,V,218.75,466.0,sell,NYSE
tx_0007561,2025-06-16 10:03:46,NVDA,201.24,958.0,buy,NASDAQ
tx_0008238,2025-06-16 10:03:47,AAPL,148.19,130.0,sell,NASDAQ
tx_0005455,2025-06-16 10:03:48,PEP,151.01,720.0,buy,NYSE
tx_0009885,2025-06-16 10:03:48,KO,54.45,132.0,buy,NYSE
tx_0008894,2025-06-16 10:03:48,AMZN,3509.2,505.0,buy,NASDAQ
tx_0002094,2025-06-16 10:03:50,PEP,151.03,580.0,sell,NYSE
tx_0003661,2025-06-16 10:03:54,KO,54.49,200.0,sell,NYSE
tx_0004910,2025-06-16 10:03:56,V,220.86,273.0,buy,NYSE
tx_0008603,2025-06-16 10:03:56,FB,335.41,185.0,buy,NASDAQ
tx_0009248,2025-06-16 10:03:56,JNJ,174.52,500.0,buy,NYSE
tx_0007527,2025-06-16 10:03:59,GOOGL,2812.28,943.0,sell,NASDAQ
tx_0006757,2025-06-16 10:04:01,NVDA,203.95,597.0,sell,NASDAQ
tx_0003840,2025-06-16 10:04:03,PG,135.87,,buy,NYSE
tx_0004213,2025-06-16 10:04:06,BRK.B,285.04,746.0,buy,NYSE
tx_0008885,2025-06-16 10:04:07,PG,138.36,198.0,sell,NYSE
tx_0000051,2025-06-16 10:04:08,NVDA,202.78,563.0,sell,NASDAQ
tx_0002622,2025-06-16 10:04:09,AMZN,3474.01,926.0,buy,NASDAQ
tx_0006905,2025-06-16 10:04:12,FB,336.9,809.0,sell,NASDAQ
tx_0006394,2025-06-16 10:04:14,V,218.78,771.0,buy,NYSE
tx_0005463,2025-06-16 10:04:16,NVDA,201.48,802.0,buy,NASDAQ
tx_0005816,2025-06-16 10:04:27,TSLA,689.97,834.0,sell,NASDAQ
tx_0007445,2025-06-16 10:04:27,MA,346.2,,buy,NYSE
tx_0000552,2025-06-16 10:04:28,PG,135.8,722.0,sell,NYSE
tx_0004242,2025-06-16 10:04:32,PG,136.85,865.0,sell,NYSE
tx_0001545,2025-06-16 10:04:33,AAPL,148.92,395.0,sell,NASDAQ
tx_0004295,2025-06-16 10:04:35,PYPL,247.81,724.0,sell,NASDAQ
tx_0002312,2025-06-16 10:04:37,ADBE,614.11,704.0,sell,NASDAQ
tx_0008087,2025-06-16 10:04:43,PEP,149.88,985.0,sell,NYSE
tx_0001616,2025-06-16 10:04:45,NVDA,201.45,484.0,buy,NASDAQ
tx_0005677,2025-06-16 10:04:48,DIS,190.42,38.0,sell,NYSE
tx_0007297,2025-06-16 10:04:49,TSLA,691.31,94.0,sell,NASDAQ
tx_0005293,2025-06-16 10:04:50,PG,138.09,216.0,buy,NYSE
tx_0004238,2025-06-16 10:04:50,KO,54.0,214.0,buy,NYSE
tx_0002791,2025-06-16 10:04:51,DIS,191.1,588.0,sell,NYSE
tx_0001466,2025-06-16 10:04:52,TSLA,695.11,400.0,buy,NASDAQ
tx_0005881,2025-06-16 10:04:53,AAPL,147.28,74.0,buy,NASDAQ
tx_0001644,2025-06-16 10:04:56,AMZN,3514.12,184.0,buy,NASDAQ
tx_0001056,2025-06-16 10:04:56,V,,939.0,sell,NYSE
tx_0001274,2025-06-16 10:04:58,DIS,191.06,907.0,buy,NYSE
tx_0007212,2025-06-16 10:05:00,AAPL,146.45,811.0,buy,NASDAQ
tx_0002811,2025-06-16 10:05:04,MSFT,296.6,159.0,sell,NASDAQ
tx_0008341,2025-06-16 10:05:04,KO,53.99,227.0,buy,NYSE
tx_0005442,2025-06-16 10:05:05,BRK.B,281.79,766.0,buy,NYSE
tx_0001499,2025-06-16 10:05:06,KO,54.1,761.0,sell,NYSE
tx_0007991,2025-06-16 10:05:08,PG,137.17,38.0,sell,NYSE
tx_0008812,2025-06-16 10:05:14,NFLX,516.09,34.0,buy,NASDAQ
tx_0007081,2025-06-16 10:05:14,AAPL,148.58,277.0,sell,NASDAQ
tx_0001108,2025-06-16 10:05:14,TSLA,694.09,703.0,buy,NASDAQ
tx_0000829,2025-06-16 10:05:16,MSFT,292.39,323.0,sell,NASDAQ
tx_0009897,2025-06-16 10:05:20,BRK.B,284.6,271.0,buy,NYSE
tx_0006435,2025-06-16 10:05:30,PG,137.94,987.0,sell,NYSE
tx_0002282,2025-06-16 10:05:36,KO,54.13,906.0,buy,NYSE
tx_0004868,2025-06-16 10:05:48,ADBE,610.14,785.0,buy,NASDAQ
tx_0006263,2025-06-16 10:05:48,V,220.45,208.0,sell,NYSE
tx_0002090,2025-06-16 10:05:50,TSLA,696.26,516.0,buy,NASDAQ
tx_0006221,2025-06-16 10:05:50,MA,348.57,332.0,sell,NYSE
tx_0009899,2025-06-16 10:05:55,NFLX,515.62,619.0,buy,NASDAQ
tx_0000076,2025-06-16 10:05:58,V,219.04,734.0,sell,NYSE
tx_0005010,2025-06-16 10:05:59,NFLX,505.71,637.0,sell,NASDAQ
tx_0007272,2025-06-16 10:05:59,ADBE,616.95,270.0,sell,NASDAQ
tx_0004174,2025-06-16 10:06:00,MA,342.85,744.0,sell,NYSE
tx_0000713,2025-06-16 10:06:06,KO,54.72,593.0,buy,NYSE
tx_0005487,2025-06-16 10:06:07,PEP,151.72,80.0,buy,NYSE
tx_0005230,2025-06-16 10:06:07,JNJ,173.25,955.0,buy,NYSE
tx_0000044,2025-06-16 10:06:14,AAPL,146.81,16.0,sell,NASDAQ
tx_0004424,2025-06-16 10:06:14,KO,54.74,210.0,sell,NYSE
tx_0003126,2025-06-16 10:06:15,PG,135.94,544.0,sell,NYSE
tx_0002478,2025-06-16 10:06:19,MSFT,293.52,219.0,buy,NASDAQ
tx_0003511,2025-06-16 10:06:21,JNJ,174.42,451.0,buy,NYSE
tx_0009911,2025-06-16 10:06:22,ADBE,620.29,810.0,buy,NASDAQ
tx_0001814,2025-06-16 10:06:25,WMT,142.32,153.0,sell,NYSE
tx_0002829,2025-06-16 10:06:29,PG,138.2,867.0,sell,NYSE
tx_0009750,2025-06-16 10:06:29,NVDA,202.23,573.0,sell,NASDAQ
tx_0007855,2025-06-16 10:06:33,PEP,151.48,939.0,sell,NYSE
tx_0009483,2025-06-16 10:06:36,TSLA,692.17,464.0,sell,NASDAQ
tx_0005340,2025-06-16 10:06:37,NFLX,505.26,142.0,buy,NASDAQ
tx_0004206,2025-06-16 10:06:39,BRK.B,281.5,342.0,buy,NYSE
tx_0005839,2025-06-16 10:06:41,JNJ,173.97,627.0,sell,NYSE
tx_0000957,2025-06-16 10:06:43,KO,53.89,409.0,buy,NYSE
tx_0002654,2025-06-16 10:06:43,BRK.B,283.87,779.0,buy,NYSE
tx_0007689,2025-06-16 10:06:46,PYPL,248.7,70.0,sell,NASDAQ
tx_0007592,2025-06-16 10:06:46,WMT,139.51,601.0,sell,NYSE
tx_0003509,2025-06-16 10:06:49,PG,135.96,700.0,sell,NYSE
tx_0004608,2025-06-16 10:06:52,GOOGL,2805.46,851.0,sell,NASDAQ
tx_0004045,2025-06-16 10:06:53,MSFT,296.38,939.0,buy,NASDAQ
tx_0008740,2025-06-16 10:06:55,BRK.B,279.49,510.0,buy,NYSE
tx_0003805,2025-06-16 10:06:56,JNJ,173.78,458.0,sell,NYSE
tx_0004615,2025-06-16 10:07:04,GOOGL,2789.27,398.0,sell,NASDAQ
tx_0002783,2025-06-16 10:07:05,AAPL,147.05,188.0,buy,NASDAQ
tx_0003500,2025-06-16 10:07:09,MSFT,294.9,434.0,sell,NASDAQ
tx_0009226,2025-06-16 10:07:09,NFLX,511.28,224.0,buy,NASDAQ
tx_0000467,2025-06-16 10:07:12,KO,53.76,954.0,sell,NYSE
tx_0002590,2025-06-16 10:07:20,MA,348.45,237.0,buy,NYSE
tx_0004881,2025-06-16 10:07:20,AAPL,147.84,460.0,buy,NASDAQ
tx_0009500,2025-06-16 10:07:26,WMT,141.45,403.0,sell,NYSE
tx_0009142,2025-06-16 10:07:26,ADBE,619.73,219.0,sell,NASDAQ
tx_0003219,2025-06-16 10:07:27,GOOGL,2792.67,426.0,sell,NASDAQ
tx_0008639,2025-06-16 10:07:35,PG,136.06,733.0,sell,NYSE
tx_0009506,2025-06-16 10:07:35,FB,336.51,721.0,sell,NASDAQ
tx_0008190,2025-06-16 10:07:38,PG,137.3,626.0,buy,NYSE
tx_0004112,2025-06-16 10:07:41,AAPL,147.33,995.0,sell,NASDAQ
tx_0005020,2025-06-16 10:07:45,GOOGL,2781.95,258.0,sell,NASDAQ
tx_0002914,2025-06-16 10:07:52,FB,335.13,685.0,sell,NASDAQ
tx_0001970,2025-06-16 10:07:53,V,220.77,64.0,sell,NYSE
tx_0009681,2025-06-16 10:07:56,PYPL,246.63,240.0,buy,NASDAQ
tx_0003732,2025-06-16 10:07:56,PG,135.93,631.0,buy,NYSE
tx_0002472,2025-06-16 10:07:57,NVDA,204.33,892.0,buy,NASDAQ
tx_0008314,2025-06-16 10:07:57,GOOGL,2836.83,45.0,sell,NASDAQ
tx_0008112,2025-06-16 10:07:58,PYPL,247.85,952.0,buy,NASDAQ
tx_0003167,2025-06-16 10:08:03,FB,334.31,577.0,buy,NASDAQ
tx_0003403,2025-06-16 10:08:09,NVDA,203.72,922.0,buy,NASDAQ
tx_0005731,2025-06-16 10:08:09,PG,136.09,50.0,buy,NYSE
tx_0008172,2025-06-16 10:08:09,NVDA,202.21,96.0,sell,NASDAQ
tx_0000087,2025-06-16 10:08:10,WMT,140.45,885.0,sell,NYSE
tx_0007778,2025-06-16 10:08:15,MSFT,294.08,13.0,sell,NASDAQ
tx_0003999,2025-06-16 10:08:16,TSLA,688.33,461.0,sell,NASDAQ
tx_0007036,2025-06-16 10:08:17,GOOGL,2786.08,487.0,buy,NASDAQ
tx_0007481,2025-06-16 10:08:17,FB,336.72,136.0,sell,NASDAQ
tx_0000595,2025-06-16 10:08:19,GOOGL,2795.35,33.0,buy,NASDAQ
tx_0006035,2025-06-16 10:08:24,PYPL,247.58,529.0,sell,NASDAQ
tx_0003311,2025-06-16 10:08:26,MSFT,291.24,436.0,sell,NASDAQ
tx_0007595,2025-06-16 10:08:28,MA,344.29,792.0,buy,NYSE
tx_0004607,2025-06-16 10:08:31,FB,335.96,7.0,sell,NASDAQ
tx_0008878,2025-06-16 10:08:33,MCD,259.65,872.0,buy,NYSE
tx_0002208,2025-06-16 10:08:36,NFLX,512.58,856.0,sell,NASDAQ
tx_0003310,2025-06-16 10:08:45,MSFT,293.49,361.0,buy,NASDAQ
tx_0003402,2025-06-16 10:08:45,MA,348.41,215.0,buy,NYSE
tx_0007171,2025-06-16 10:08:49,KO,55.08,908.0,buy,NYSE
tx_0009272,2025-06-16 10:08:51,MSFT,291.16,726.0,buy,NASDAQ
tx_0002704,2025-06-16 10:08:51,WMT,140.18,818.0,buy,NYSE
tx_0008560,2025-06-16 10:08:53,V,221.03,139.0,sell,NYSE
tx_0001731,2025-06-16 10:08:55,NFLX,515.09,104.0,buy,NASDAQ
tx_0004840,2025-06-16 10:08:56,PYPL,243.99,282.0,buy,NASDAQ
tx_0007767,2025-06-16 10:09:00,MSFT,293.42,966.0,buy,NASDAQ
tx_0001392,2025-06-16 10:09:01,PEP,150.89,365.0,buy,NYSE
tx_0002769,2025-06-16 10:09:01,ADBE,616.93,64.0,sell,NASDAQ
tx_0003326,2025-06-16 10:09:01,ADBE,611.7,195.0,sell,NASDAQ
tx_0005238,2025-06-16 10:09:02,NVDA,204.23,359.0,sell,NASDAQ
tx_0009640,2025-06-16 10:09:03,TSLA,696.88,670.0,buy,NASDAQ
tx_0002417,2025-06-16 10:09:07,AAPL,146.32,315.0,buy,NASDAQ
tx_0008709,2025-06-16 10:09:09,BRK.B,279.26,878.0,sell,NYSE
tx_0008125,2025-06-16 10:09:22,NFLX,517.61,889.0,sell,NASDAQ
tx_0007121,2025-06-16 10:09:26,GOOGL,2785.53,927.0,buy,NASDAQ
tx_0002130,2025-06-16 10:09:26,PG,137.06,97.0,sell,NYSE
tx_0005477,2025-06-16 10:09:27,JNJ,174.2,873.0,buy,
tx_0009165,2025-06-16 10:09:27,KO,54.36,144.0,sell,NYSE
tx_0003438,2025-06-16 10:09:32,GOOGL,2787.16,593.0,buy,NASDAQ
tx_0008234,2025-06-16 10:09:34,MCD,256.43,845.0,buy,NYSE
tx_0001859,2025-06-16 10:09:41,NVDA,203.21,969.0,sell,NASDAQ
tx_0003572,2025-06-16 10:09:41,JNJ,176.26,562.0,sell,NYSE
tx_0009788,2025-06-16 10:09:44,PEP,150.9,107.0,sell,NYSE
tx_0006676,2025-06-16 10:09:44,AAPL,146.07,288.0,buy,NASDAQ
tx_0008272,2025-06-16 10:09:45,AAPL,146.43,319.0,buy,NASDAQ
tx_0002113,2025-06-16 10:09:47,ADBE,620.92,736.0,buy,NASDAQ
tx_0007456,2025-06-16 10:09:47,WMT,140.71,378.0,buy,NYSE
tx_0007790,2025-06-16 10:09:52,MA,343.51,737.0,buy,NYSE
tx_0002115,2025-06-16 10:09:56,PYPL,247.7,304.0,buy,NASDAQ
tx_0001281,2025-06-16 10:09:56,NFLX,516.61,271.0,buy,NASDAQ
tx_0007565,2025-06-16 10:09:57,AMZN,3517.83,624.0,buy,NASDAQ
tx_0002010,2025-06-16 10:09:57,NFLX,513.33,505.0,buy,NASDAQ
tx_0003225,2025-06-16 10:10:03,KO,53.92,901.0,buy,NYSE
tx_0001456,2025-06-16 10:10:06,JNJ,176.19,703.0,buy,NYSE
tx_0008907,2025-06-16 10:10:07,KO,54.18,535.0,sell,NYSE
tx_0000001,2025-06-16 10:10:17,BRK.B,279.73,916.0,sell,NYSE
tx_0001655,2025-06-16 10:10:21,PEP,151.87,783.0,buy,NYSE
tx_0001029,2025-06-16 10:10:21,MCD,258.3,845.0,buy,NYSE
tx_0009760,2025-06-16 10:10:23,DIS,189.82,712.0,buy,NYSE
tx_0001161,2025-06-16 10:10:26,AMZN,3511.47,943.0,sell,NASDAQ
tx_0002867,2025-06-16 10:10:26,DIS,190.75,990.0,buy,NYSE
tx_0009118,2025-06-16 10:10:28,AMZN,3490.75,8.0,buy,NASDAQ
tx_0009646,2025-06-16 10:10:30,AMZN,3487.69,93.0,buy,NASDAQ
tx_0004139,2025-06-16 10:10:36,ADBE,610.28,970.0,buy,NASDAQ
tx_0006948,2025-06-16 10:10:39,WMT,140.11,691.0,sell,NYSE
tx_0002790,2025-06-16 10:10:40,AAPL,145.61,663.0,buy,NASDAQ
tx_0005366,2025-06-16 10:10:45,MSFT,291.61,957.0,sell,NASDAQ
tx_0001472,2025-06-16 10:10:46,WMT,141.87,514.0,buy,NYSE
tx_0006393,2025-06-16 10:10:47,NFLX,516.97,874.0,sell,NASDAQ
tx_0003551,2025-06-16 10:10:48,GOOGL,2795.55,369.0,sell,NASDAQ
tx_0000893,2025-06-16 10:10:49,MA,340.16,138.0,sell,NYSE
tx_0002023,2025-06-16 10:10:51,PYPL,244.33,275.0,sell,NASDAQ
tx_0001506,2025-06-16 10:10:52,KO,54.63,784.0,sell,NYSE
tx_0003810,2025-06-16 10:10:53,TSLA,690.74,92.0,sell,NASDAQ
tx_0005693,2025-06-16 10:10:54,V,221.06,75.0,sell,NYSE
tx_0002220,2025-06-16 10:11:08,AAPL,148.17,355.0,buy,NASDAQ
tx_0001485,2025-06-16 10:11:09,AAPL,146.85,852.0,sell,NASDAQ
tx_0000165,2025-06-16 10:11:10,TSLA,696.78,571.0,sell,NASDAQ
tx_0004310,2025-06-16 10:11:13,MSFT,290.75,313.0,buy,NASDAQ
tx_0009295,2025-06-16 10:11:14,NVDA,201.97,314.0,buy,NASDAQ
tx_0008579,2025-06-16 10:11:19,WMT,140.36,275.0,sell,NYSE
tx_0003301,2025-06-16 10:11:26,V,221.9,864.0,buy,NYSE
tx_0009379,2025-06-16 10:11:26,PYPL,245.05,765.0,buy,NASDAQ
tx_0007370,2025-06-16 10:11:26,GOOGL,2764.07,69.0,sell,NASDAQ
tx_0007294,2025-06-16 10:11:28,MSFT,291.01,792.0,sell,NASDAQ
tx_0004069,2025-06-16 10:11:28,ADBE,609.3,421.0,sell,NASDAQ
tx_0007567,2025-06-16 10:11:31,PEP,151.18,463.0,buy,NYSE
tx_0003256,2025-06-16 10:11:33,TSLA,692.83,598.0,sell,NASDAQ
tx_0003776,2025-06-16 10:11:34,MA,340.44,690.0,sell,NYSE
tx_0001831,2025-06-16 10:11:35,NVDA,204.12,214.0,buy,NASDAQ
tx_0009665,2025-06-16 10:11:39,MSFT,288.56,281.0,sell,NASDAQ
tx_0004676,2025-06-16 10:11:39,MSFT,288.95,439.0,sell,NASDAQ
tx_0009772,2025-06-16 10:11:41,NVDA,205.2,824.0,sell,NASDAQ
tx_0007754,2025-06-16 10:11:42,DIS,191.94,907.0,buy,NYSE
tx_0002233,2025-06-16 10:11:43,JNJ,176.92,235.0,sell,NYSE
tx_0006025,2025-06-16 10:11:44,PEP,149.99,233.0,buy,NYSE
tx_0007505,2025-06-16 10:11:47,MSFT,290.21,575.0,sell,NASDAQ
tx_0003288,2025-06-16 10:11:48,V,220.38,887.0,buy,NYSE
tx_0004762,2025-06-16 10:11:49,WMT,141.15,242.0,sell,NYSE
tx_0003911,2025-06-16 10:11:49,GOOGL,2795.74,843.0,sell,NASDAQ
tx_0001505,2025-06-16 10:11:49,TSLA,701.11,449.0,sell,NASDAQ
tx_0002778,2025-06-16 10:11:52,PG,137.37,994.0,buy,NYSE
tx_0003199,2025-06-16 10:11:52,MCD,258.16,401.0,buy,NYSE
tx_0004973,2025-06-16 10:11:57,NFLX,510.44,272.0,sell,NASDAQ
tx_0008867,2025-06-16 10:11:58,ADBE,616.33,770.0,buy,NASDAQ
tx_0009551,2025-06-16 10:11:59,WMT,141.22,956.0,buy,NYSE
tx_0006578,2025-06-16 10:12:01,MSFT,289.88,563.0,sell,NASDAQ
tx_0008808,2025-06-16 10:12:01,ADBE,614.76,464.0,sell,NASDAQ
tx_0009809,2025-06-16 10:12:02,MSFT,288.66,87.0,buy,NASDAQ
tx_0008811,2025-06-16 10:12:03,AAPL,147.24,866.0,buy,NASDAQ
tx_0009796,2025-06-16 10:12:12,V,220.32,2.0,buy,NYSE
tx_0004394,2025-06-16 10:12:14,NFLX,511.75,275.0,sell,NASDAQ
tx_0005465,2025-06-16 10:12:16,ADBE,611.13,914.0,buy,NASDAQ
tx_0000054,2025-06-16 10:12:18,KO,54.25,786.0,buy,NYSE
tx_0001636,2025-06-16 10:12:23,MSFT,292.96,531.0,buy,NASDAQ
tx_0001057,2025-06-16 10:12:23,V,218.82,335.0,buy,NYSE
tx_0001443,2025-06-16 10:12:25,AMZN,3535.41,385.0,sell,NASDAQ
tx_0009559,2025-06-16 10:12:38,PEP,150.18,596.0,buy,NYSE
tx_0000048,2025-06-16 10:12:45,MCD,261.73,604.0,sell,NYSE
tx_0008005,2025-06-16 10:12:46,ADBE,622.39,659.0,sell,NASDAQ
tx_0006574,2025-06-16 10:12:47,KO,54.16,125.0,sell,NYSE
tx_0004692,2025-06-16 10:12:53,ADBE,622.49,855.0,buy,NASDAQ
tx_0003132,2025-06-16 10:12:56,TSLA,694.9,773.0,buy,NASDAQ
tx_0008230,2025-06-16 10:13:02,NFLX,519.02,890.0,sell,NASDAQ
tx_0001448,2025-06-16 10:13:04,V,218.72,546.0,buy,NYSE
tx_0006087,2025-06-16 10:13:04,BRK.B,281.97,391.0,sell,NYSE
tx_0002684,2025-06-16 10:13:06,V,221.13,687.0,buy,NYSE
tx_0006183,2025-06-16 10:13:07,GOOGL,2814.29,553.0,sell,NASDAQ
tx_0000665,2025-06-16 10:13:11,PEP,149.55,955.0,sell,NYSE
tx_0008790,2025-06-16 10:13:17,GOOGL,2784.47,917.0,buy,NASDAQ
tx_0000067,2025-06-16 10:13:23,TSLA,688.77,35.0,sell,NASDAQ
tx_0009124,2025-06-16 10:13:26,TSLA,689.02,823.0,buy,NASDAQ
tx_0003060,2025-06-16 10:13:28,TSLA,694.09,894.0,buy,NASDAQ
tx_0004939,2025-06-16 10:13:30,V,220.33,567.0,buy,NYSE
tx_0004860,2025-06-16 10:13:34,AAPL,146.13,495.0,buy,NASDAQ
tx_0000316,2025-06-16 10:13:37,V,219.38,230.0,buy,NYSE
tx_0000751,2025-06-16 10:13:42,AAPL,146.79,162.0,sell,NASDAQ
tx_0004799,2025-06-16 10:13:51,MA,,544.0,buy,NYSE
tx_0009056,2025-06-16 10:13:51,ADBE,619.17,622.0,sell,NASDAQ
tx_0001945,2025-06-16 10:13:52,FB,334.65,332.0,sell,NASDAQ
tx_0006696,2025-06-16 10:13:52,PG,136.73,440.0,buy,NYSE
tx_0008703,2025-06-16 10:13:53,AMZN,3492.72,790.0,sell,NASDAQ
tx_0001794,2025-06-16 10:14:05,AAPL,146.97,510.0,sell,NASDAQ
tx_0002464,2025-06-16 10:14:06,PG,137.0,,buy,NYSE
tx_0006352,2025-06-16 10:14:09,GOOGL,2806.86,500.0,buy,NASDAQ
tx_0003860,2025-06-16 10:14:10,FB,333.38,828.0,sell,NASDAQ
tx_0005650,2025-06-16 10:14:11,AMZN,3453.86,966.0,buy,NASDAQ
tx_0004677,2025-06-16 10:14:11,ADBE,613.6,287.0,buy,NASDAQ
tx_0008918,2025-06-16 10:14:17,TSLA,695.57,40.0,sell,NASDAQ
tx_0005468,2025-06-16 10:14:19,ADBE,614.03,320.0,buy,NASDAQ
tx_0002275,2025-06-16 10:14:20,V,220.89,383.0,sell,NYSE
tx_0003188,2025-06-16 10:14:24,MA,340.39,465.0,sell,NYSE
tx_0003061,2025-06-16 10:14:26,FB,335.51,949.0,buy,NASDAQ
tx_0003220,2025-06-16 10:14:31,AMZN,3450.05,251.0,sell,NASDAQ
tx_0004862,2025-06-16 10:14:32,ADBE,617.65,259.0,sell,NASDAQ
tx_0001752,2025-06-16 10:14:32,FB,328.61,77.0,sell,NASDAQ
tx_0000459,2025-06-16 10:14:35,AMZN,3473.51,428.0,buy,NASDAQ
tx_0002162,2025-06-16 10:14:37,NFLX,511.27,41.0,sell,NASDAQ
tx_0005957,2025-06-16 10:14:42,DIS,192.69,,sell,NYSE
tx_0000722,2025-06-16 10:14:42,PG,136.5,785.0,sell,NYSE
tx_0006039,2025-06-16 10:14:42,MSFT,295.19,686.0,sell,NASDAQ
tx_0008859,2025-06-16 10:14:46,V,219.66,368.0,buy,NYSE
tx_0000911,2025-06-16 10:14:48,BRK.B,285.26,610.0,sell,NYSE
tx_0002921,2025-06-16 10:14:48,GOOGL,2821.2,385.0,buy,NASDAQ
tx_0001558,2025-06-16 10:14:50,V,219.8,997.0,sell,NYSE
tx_0002148,2025-06-16 10:14:51,V,220.3,765.0,sell,NYSE
tx_0002597,2025-06-16 10:14:52,V,217.41,591.0,sell,NYSE
tx_0002331,2025-06-16 10:14:54,GOOGL,2810.2,697.0,buy,NASDAQ
tx_0008758,2025-06-16 10:15:00,NVDA,205.16,371.0,sell,NASDAQ
tx_0000985,2025-06-16 10:15:03,PYPL,245.12,449.0,buy,NASDAQ
tx_0001923,2025-06-16 10:15:04,ADBE,609.79,126.0,buy,NASDAQ
tx_0000967,2025-06-16 10:15:05,MSFT,293.33,955.0,buy,NASDAQ
tx_0004631,2025-06-16 10:15:06,GOOGL,2812.3,170.0,buy,NASDAQ
tx_0002308,2025-06-16 10:15:09,PYPL,247.29,321.0,sell,NASDAQ
tx_0005596,2025-06-16 10:15:11,DIS,190.34,48.0,sell,NYSE
tx_0001844,2025-06-16 10:15:12,JNJ,174.45,47.0,sell,NYSE
tx_0004556,2025-06-16 10:15:12,NVDA,202.48,231.0,sell,NASDAQ
tx_0008034,2025-06-16 10:15:19,AMZN,3469.53,934.0,sell,NASDAQ
tx_0005054,2025-06-16 10:15:21,MCD,261.18,717.0,buy,NYSE
tx_0001032,2025-06-16 10:15:21,NVDA,202.37,2.0,sell,NASDAQ
tx_0005380,2025-06-16 10:15:22,PEP,150.77,290.0,buy,NYSE
tx_0008581,2025-06-16 10:15:24,DIS,192.37,45.0,sell,NYSE
tx_0005622,2025-06-16 10:15:25,V,218.16,394.0,buy,NYSE
tx_0004579,2025-06-16 10:15:26,PEP,150.38,850.0,buy,NYSE
tx_0008828,2025-06-16 10:15:30,PEP,150.77,818.0,buy,NYSE
tx_0004154,2025-06-16 10:15:36,AAPL,146.97,909.0,buy,NASDAQ
tx_0008301,2025-06-16 10:15:40,PYPL,248.02,296.0,sell,NASDAQ
tx_0009654,2025-06-16 10:15:42,AAPL,148.58,790.0,sell,NASDAQ
tx_0006192,2025-06-16 10:15:43,JNJ,176.01,912.0,buy,NYSE
tx_0009376,2025-06-16 10:15:49,NVDA,204.96,557.0,buy,NASDAQ
tx_0006781,2025-06-16 10:15:49,AAPL,148.6,503.0,buy,NASDAQ
tx_0005954,2025-06-16 10:15:49,NVDA,203.28,591.0,buy,NASDAQ
tx_0003309,2025-06-16 10:15:53,AMZN,3509.48,60.0,sell,NASDAQ
tx_0001976,2025-06-16 10:15:53,ADBE,614.35,667.0,buy,NASDAQ
tx_0007148,2025-06-16 10:15:55,GOOGL,2789.26,334.0,sell,NASDAQ
tx_0005750,2025-06-16 10:15:58,NVDA,205.66,151.0,buy,NASDAQ
tx_0003510,2025-06-16 10:15:59,WMT,140.32,769.0,sell,NYSE
tx_0007874,2025-06-16 10:15:59,MSFT,290.29,621.0,sell,NASDAQ
tx_0000259,2025-06-16 10:16:00,AAPL,147.26,796.0,buy,NASDAQ
tx_0009214,2025-06-16 10:16:00,MSFT,294.09,822.0,buy,NASDAQ
tx_0006148,2025-06-16 10:16:00,NFLX,518.68,620.0,buy,NASDAQ
tx_0005333,2025-06-16 10:16:02,PEP,149.13,178.0,sell,NYSE
tx_0001265,2025-06-16 10:16:03,GOOGL,2799.63,11.0,buy,NASDAQ
tx_0008133,2025-06-16 10:16:03,ADBE,611.3,263.0,buy,NASDAQ
tx_0001333,2025-06-16 10:16:04,PEP,150.83,296.0,buy,NYSE
tx_0000315,2025-06-16 10:16:08,MA,344.0,803.0,buy,NYSE
tx_0002871,2025-06-16 10:16:11,KO,54.63,713.0,buy,NYSE
tx_0005685,2025-06-16 10:16:15,JNJ,177.75,531.0,sell,NYSE
tx_0000384,2025-06-16 10:16:17,BRK.B,284.47,93.0,buy,NYSE
tx_0006103,2025-06-16 10:16:20,PG,136.61,575.0,sell,NYSE
tx_0002079,2025-06-16 10:16:20,MA,345.71,244.0,sell,NYSE
tx_0003131,2025-06-16 10:16:21,GOOGL,2820.62,184.0,buy,NASDAQ
tx_0007891,2025-06-16 10:16:24,DIS,190.41,811.0,buy,NYSE
tx_0006535,2025-06-16 10:16:26,PYPL,247.64,124.0,sell,NASDAQ
tx_0000328,2025-06-16 10:16:30,BRK.B,283.21,721.0,buy,NYSE
tx_0003790,2025-06-16 10:16:30,PG,,587.0,sell,NYSE
tx_0005802,2025-06-16 10:16:37,AAPL,147.3,810.0,sell,NASDAQ
tx_0006622,2025-06-16 10:16:38,NVDA,201.54,236.0,buy,NASDAQ
tx_0006879,2025-06-16 10:16:41,AAPL,148.65,481.0,sell,NASDAQ
tx_0002121,2025-06-16 10:16:42,BRK.B,284.64,69.0,buy,NYSE
tx_0005395,2025-06-16 10:16:49,BRK.B,286.84,991.0,sell,NYSE
tx_0003731,2025-06-16 10:16:50,AAPL,148.08,373.0,buy,NASDAQ
tx_0007407,2025-06-16 10:16:52,NVDA,202.82,530.0,sell,NASDAQ
tx_0005696,2025-06-16 10:16:54,KO,55.01,835.0,buy,NYSE
tx_0005467,2025-06-16 10:16:57,PEP,150.93,139.0,buy,NYSE
tx_0006515,2025-06-16 10:16:59,TSLA,694.28,965.0,buy,NASDAQ
tx_0008456,2025-06-16 10:17:00,TSLA,703.14,538.0,buy,NASDAQ
tx_0008227,2025-06-16 10:17:11,GOOGL,2815.97,307.0,buy,NASDAQ
tx_0006122,2025-06-16 10:17:12,WMT,139.68,998.0,buy,NYSE
tx_0000153,2025-06-16 10:17:15,FB,327.37,296.0,sell,NASDAQ
tx_0002626,2025-06-16 10:17:16,DIS,192.76,52.0,buy,NYSE
tx_0006983,2025-06-16 10:17:20,MSFT,292.92,26.0,buy,NASDAQ
tx_0006646,2025-06-16 10:17:21,GOOGL,2797.55,412.0,buy,NASDAQ
tx_0008558,2025-06-16 10:17:22,FB,327.04,70.0,buy,NASDAQ
tx_0008389,2025-06-16 10:17:22,WMT,139.21,32.0,buy,NYSE
tx_0000856,2025-06-16 10:17:26,JNJ,174.09,16.0,buy,NYSE
tx_0005471,2025-06-16 10:17:33,NFLX,512.78,436.0,sell,NASDAQ
tx_0008916,2025-06-16 10:17:35,TSLA,701.47,430.0,sell,NASDAQ
tx_0002516,2025-06-16 10:17:36,MA,343.54,100.0,buy,NYSE
tx_0001775,2025-06-16 10:17:37,MSFT,289.87,456.0,buy,NASDAQ
tx_0003024,2025-06-16 10:17:40,ADBE,611.31,748.0,sell,NASDAQ
tx_0001055,2025-06-16 10:17:40,BRK.B,285.13,802.0,buy,NYSE
tx_0006188,2025-06-16 10:17:41,TSLA,702.82,243.0,buy,NASDAQ
tx_0005406,2025-06-16 10:17:48,MSFT,291.59,406.0,buy,NASDAQ
tx_0001572,2025-06-16 10:17:50,PG,137.75,575.0,sell,NYSE
tx_0001826,2025-06-16 10:17:51,NFLX,509.23,555.0,buy,NASDAQ
tx_0003156,2025-06-16 10:17:52,DIS,190.56,581.0,sell,NYSE
tx_0002749,2025-06-16 10:17:52,AMZN,3494.14,266.0,buy,NASDAQ
tx_0007134,2025-06-16 10:17:53,BRK.B,281.25,312.0,sell,NYSE
tx_0000774,2025-06-16 10:17:54,KO,54.5,232.0,buy,NYSE
tx_0005865,2025-06-16 10:18:03,ADBE,617.86,773.0,sell,NASDAQ
tx_0002223,2025-06-16 10:18:14,WMT,140.56,32.0,buy,NYSE
tx_0005848,2025-06-16 10:18:14,JNJ,175.76,592.0,sell,NYSE
tx_0001113,2025-06-16 10:18:19,GOOGL,2776.18,540.0,sell,NASDAQ
tx_0008013,2025-06-16 10:18:19,ADBE,616.32,345.0,sell,NASDAQ
tx_0000952,2025-06-16 10:18:20,MSFT,294.52,988.0,buy,NASDAQ
tx_0009881,2025-06-16 10:18:20,PYPL,243.65,852.0,buy,NASDAQ
tx_0005661,2025-06-16 10:18:22,NFLX,510.27,800.0,buy,NASDAQ
tx_0008497,2025-06-16 10:18:23,PYPL,243.99,899.0,sell,NASDAQ
tx_0004489,2025-06-16 10:18:29,MA,341.09,400.0,sell,NYSE
tx_0004378,2025-06-16 10:18:30,PYPL,243.59,381.0,sell,NASDAQ
tx_0006806,2025-06-16 10:18:31,MA,341.21,1000.0,buy,NYSE
tx_0002804,2025-06-16 10:18:34,WMT,141.1,348.0,buy,NYSE
tx_0005594,2025-06-16 10:18:35,MSFT,291.54,346.0,sell,NASDAQ
tx_0001833,2025-06-16 10:18:35,ADBE,609.61,497.0,sell,NASDAQ
tx_0000715,2025-06-16 10:18:36,ADBE,610.75,589.0,buy,NASDAQ
tx_0003382,2025-06-16 10:18:42,BRK.B,284.16,245.0,buy,NYSE
tx_0002551,2025-06-16 10:18:43,WMT,142.91,8.0,buy,NYSE
tx_0004689,2025-06-16 10:18:49,ADBE,606.5,361.0,buy,NASDAQ
tx_0008576,2025-06-16 10:18:50,NFLX,514.87,835.0,buy,NASDAQ
tx_0002643,2025-06-16 10:18:50,BRK.B,284.82,290.0,buy,NYSE
tx_0009982,2025-06-16 10:18:54,MA,344.5,599.0,buy,NYSE
tx_0009998,2025-06-16 10:19:03,AAPL,148.47,879.0,sell,NASDAQ
tx_0009741,2025-06-16 10:19:04,AAPL,148.85,963.0,sell,NASDAQ
tx_0004200,2025-06-16 10:19:07,ADBE,609.5,703.0,buy,NASDAQ
tx_0000334,2025-06-16 10:19:11,PG,135.63,317.0,sell,NYSE
tx_0001958,2025-06-16 10:19:14,PEP,150.76,805.0,buy,NYSE
tx_0000520,2025-06-16 10:19:17,TSLA,703.31,862.0,buy,NASDAQ
tx_0005152,2025-06-16 10:19:18,MSFT,291.48,413.0,sell,NASDAQ
tx_0009958,2025-06-16 10:19:18,MSFT,292.21,323.0,buy,NASDAQ
tx_0000177,2025-06-16 10:19:19,KO,54.59,405.0,buy,NYSE
tx_0007033,2025-06-16 10:19:21,FB,333.19,472.0,sell,NASDAQ
tx_0008863,2025-06-16 10:19:22,FB,329.74,684.0,buy,NASDAQ
tx_0000989,2025-06-16 10:19:25,ADBE,615.84,609.0,buy,NASDAQ
tx_0006736,2025-06-16 10:19:25,GOOGL,2805.3,418.0,sell,NASDAQ
tx_0003465,2025-06-16 10:19:31,PEP,149.05,722.0,sell,NYSE
tx_0009675,2025-06-16 10:19:34,PEP,149.8,899.0,buy,NYSE
tx_0008726,2025-06-16 10:19:34,PYPL,242.81,190.0,buy,NASDAQ
tx_0008233,2025-06-16 10:19:35,NFLX,512.22,626.0,sell,NASDAQ
tx_0007015,2025-06-16 10:19:41,WMT,140.65,146.0,sell,NYSE
tx_0004061,2025-06-16 10:19:43,KO,55.5,558.0,sell,NYSE
tx_0008886,2025-06-16 10:19:49,PEP,149.17,37.0,buy,NYSE
tx_0001824,2025-06-16 10:19:50,WMT,141.86,718.0,sell,NYSE
tx_0008208,2025-06-16 10:19:55,NVDA,203.56,851.0,sell,NASDAQ
tx_0005233,2025-06-16 10:19:56,PEP,149.41,861.0,buy,NYSE
tx_0009751,2025-06-16 10:19:56,DIS,189.97,454.0,buy,NYSE
tx_0009831,2025-06-16 10:20:01,BRK.B,283.45,237.0,sell,NYSE
tx_0009887,2025-06-16 10:20:02,DIS,190.23,282.0,sell,NYSE
tx_0009870,2025-06-16 10:20:05,NVDA,202.92,67.0,sell,NASDAQ
tx_0000471,2025-06-16 10:20:12,KO,55.17,687.0,sell,NYSE
tx_0005146,2025-06-16 10:20:15,PG,134.85,640.0,buy,NYSE
tx_0003886,2025-06-16 10:20:21,NFLX,514.79,437.0,sell,NASDAQ
tx_0002108,2025-06-16 10:20:22,JNJ,178.12,652.0,sell,NYSE
tx_0003209,2025-06-16 10:20:25,NVDA,202.65,650.0,buy,NASDAQ
tx_0000085,2025-06-16 10:20:27,MA,340.85,612.0,buy,NYSE
tx_0004362,2025-06-16 10:20:29,NVDA,201.45,485.0,sell,NASDAQ
tx_0004765,2025-06-16 10:20:29,AMZN,3473.21,112.0,buy,NASDAQ
tx_0005326,2025-06-16 10:20:30,BRK.B,284.94,601.0,sell,NYSE
tx_0006032,2025-06-16 10:20:31,GOOGL,2814.5,226.0,sell,NASDAQ
tx_0001058,2025-06-16 10:20:36,AAPL,146.63,372.0,sell,NASDAQ
tx_0008975,2025-06-16 10:20:41,MCD,258.81,357.0,sell,NYSE
tx_0000836,2025-06-16 10:20:42,JNJ,175.45,164.0,sell,NYSE
tx_0007892,2025-06-16 10:20:44,ADBE,611.94,899.0,sell,NASDAQ
tx_0001254,2025-06-16 10:20:45,TSLA,698.98,184.0,sell,
tx_0004079,2025-06-16 10:20:48,NFLX,517.28,,sell,NASDAQ
tx_0006653,2025-06-16 10:20:53,FB,326.28,128.0,buy,NASDAQ
tx_0001170,2025-06-16 10:20:57,TSLA,703.69,,sell,NASDAQ
tx_0003881,2025-06-16 10:20:57,MA,341.83,229.0,buy,NYSE
tx_0007487,2025-06-16 10:21:05,DIS,189.94,854.0,buy,NYSE
tx_0008569,2025-06-16 10:21:07,PYPL,244.23,464.0,buy,NASDAQ
tx_0000335,2025-06-16 10:21:08,PEP,148.73,749.0,buy,NYSE
tx_0001762,2025-06-16 10:21:08,PEP,147.82,502.0,sell,NYSE
tx_0006227,2025-06-16 10:21:12,PYPL,244.39,553.0,buy,NASDAQ
tx_0009087,2025-06-16 10:21:13,MA,343.39,618.0,buy,NYSE
tx_0002367,2025-06-16 10:21:14,KO,55.22,640.0,buy,NYSE
tx_0001730,2025-06-16 10:21:17,PG,,673.0,buy,NYSE
tx_0005491,2025-06-16 10:21:18,KO,54.82,887.0,sell,NYSE
tx_0007044,2025-06-16 10:21:18,ADBE,609.84,774.0,sell,NASDAQ
tx_0004011,2025-06-16 10:21:20,AAPL,147.97,,buy,NASDAQ
tx_0004401,2025-06-16 10:21:20,KO,54.7,987.0,sell,NYSE
tx_0006890,2025-06-16 10:21:23,WMT,142.5,884.0,buy,NYSE
tx_0006300,2025-06-16 10:21:29,MA,340.66,586.0,sell,NYSE
tx_0000373,2025-06-16 10:21:29,NFLX,516.57,803.0,sell,NASDAQ
tx_0000849,2025-06-16 10:21:30,DIS,189.66,554.0,buy,NYSE
tx_0004439,2025-06-16 10:21:30,JNJ,175.46,768.0,buy,NYSE
tx_0005591,2025-06-16 10:21:33,TSLA,702.23,665.0,sell,NASDAQ
tx_0002531,2025-06-16 10:21:34,PYPL,246.6,138.0,buy,NASDAQ
tx_0006959,2025-06-16 10:21:35,PG,134.73,150.0,sell,NYSE
tx_0002215,2025-06-16 10:21:35,AMZN,3515.79,872.0,sell,NASDAQ
tx_0008979,2025-06-16 10:21:43,DIS,190.8,501.0,buy,NYSE
tx_0004493,2025-06-16 10:21:44,WMT,142.82,431.0,sell,NYSE
tx_0004251,2025-06-16 10:21:44,MSFT,293.84,524.0,buy,NASDAQ
tx_0006847,2025-06-16 10:21:45,JNJ,176.87,788.0,sell,NYSE
tx_0004854,2025-06-16 10:21:47,DIS,189.14,230.0,buy,NYSE
tx_0006738,2025-06-16 10:21:48,JNJ,177.12,27.0,buy,NYSE
tx_0007292,2025-06-16 10:21:55,NFLX,513.74,726.0,sell,NASDAQ
tx_0008347,2025-06-16 10:21:59,BRK.B,284.15,329.0,sell,NYSE
tx_0002792,2025-06-16 10:22:01,MCD,258.07,715.0,sell,NYSE
tx_0005820,2025-06-16 10:22:03,GOOGL,2801.09,920.0,sell,NASDAQ
tx_0000901,2025-06-16 10:22:03,MSFT,297.96,296.0,buy,NASDAQ
tx_0000515,2025-06-16 10:22:04,TSLA,703.75,9.0,sell,NASDAQ
tx_0009800,2025-06-16 10:22:04,ADBE,615.91,540.0,sell,NASDAQ
tx_0001419,2025-06-16 10:22:05,WMT,140.46,867.0,buy,NYSE
tx_0006683,2025-06-16 10:22:08,ADBE,615.09,150.0,buy,NASDAQ
tx_0001967,2025-06-16 10:22:13,MA,344.32,162.0,sell,NYSE
tx_0000236,2025-06-16 10:22:17,KO,55.26,13.0,sell,NYSE
tx_0002882,2025-06-16 10:22:21,AMZN,3515.92,362.0,sell,NASDAQ
tx_0009892,2025-06-16 10:22:22,WMT,140.42,103.0,sell,NYSE
tx_0003205,2025-06-16 10:22:24,MSFT,294.29,298.0,sell,NASDAQ
tx_0005027,2025-06-16 10:22:25,PYPL,242.98,970.0,sell,NASDAQ
tx_0003945,2025-06-16 10:22:27,TSLA,700.76,13.0,buy,NASDAQ
tx_0002298,2025-06-16 10:22:27,NFLX,507.13,331.0,sell,NASDAQ
tx_0009829,2025-06-16 10:22:31,GOOGL,2771.87,245.0,sell,NASDAQ
tx_0005581,2025-06-16 10:22:40,PEP,149.11,834.0,buy,NYSE
tx_0000077,2025-06-16 10:22:41,V,216.33,744.0,sell,NYSE
tx_0006794,2025-06-16 10:22:43,NVDA,201.45,981.0,sell,NASDAQ
tx_0002663,2025-06-16 10:22:43,KO,55.05,218.0,buy,NYSE
tx_0000503,2025-06-16 10:22:54,NFLX,513.83,,sell,NASDAQ
tx_0008008,2025-06-16 10:22:54,PEP,148.92,115.0,sell,NYSE
tx_0009822,2025-06-16 10:22:56,AMZN,3505.52,645.0,sell,NASDAQ
tx_0008128,2025-06-16 10:22:59,ADBE,615.72,90.0,buy,NASDAQ
tx_0005667,2025-06-16 10:22:59,AMZN,3463.8,641.0,buy,NASDAQ
tx_0008469,2025-06-16 10:23:00,FB,330.52,451.0,buy,NASDAQ
tx_0001185,2025-06-16 10:23:02,MCD,261.46,822.0,sell,NYSE
tx_0008769,2025-06-16 10:23:04,PEP,148.24,580.0,sell,NYSE
tx_0004747,2025-06-16 10:23:05,AMZN,3469.47,10.0,buy,NASDAQ
tx_0001406,2025-06-16 10:23:09,GOOGL,2767.41,242.0,sell,NASDAQ
tx_0007663,2025-06-16 10:23:10,NFLX,511.27,926.0,sell,NASDAQ
tx_0009068,2025-06-16 10:23:16,PG,135.98,469.0,,NYSE
tx_0004663,2025-06-16 10:23:18,GOOGL,2763.03,773.0,buy,NASDAQ
tx_0006454,2025-06-16 10:23:18,MCD,259.34,119.0,buy,
tx_0002721,2025-06-16 10:23:25,BRK.B,282.46,317.0,sell,NYSE
tx_0007432,2025-06-16 10:23:31,NVDA,202.69,174.0,buy,NASDAQ
tx_0008434,2025-06-16 10:23:33,MCD,259.37,779.0,buy,NYSE
tx_0007630,2025-06-16 10:23:34,FB,326.73,675.0,buy,NASDAQ
tx_0004050,2025-06-16 10:23:37,ADBE,617.46,730.0,buy,NASDAQ
tx_0002009,2025-06-16 10:23:44,MA,338.83,628.0,buy,NYSE
tx_0004230,2025-06-16 10:23:45,WMT,140.24,800.0,sell,NYSE
tx_0007871,2025-06-16 10:23:47,NVDA,204.42,791.0,sell,NASDAQ
tx_0006782,2025-06-16 10:23:50,BRK.B,283.66,683.0,buy,NYSE
tx_0002366,2025-06-16 10:23:51,NVDA,203.79,751.0,sell,NASDAQ
tx_0000413,2025-06-16 10:23:55,WMT,140.81,196.0,buy,NYSE
tx_0001954,2025-06-16 10:23:56,PEP,148.92,126.0,sell,NYSE
tx_0002987,2025-06-16 10:23:56,GOOGL,2793.42,907.0,sell,NASDAQ
tx_0005560,2025-06-16 10:23:58,MSFT,296.0,820.0,buy,NASDAQ
tx_0000577,2025-06-16 10:23:58,FB,325.81,913.0,sell,NASDAQ
tx_0008845,2025-06-16 10:23:59,V,220.1,321.0,sell,NYSE
tx_0004312,2025-06-16 10:24:00,AAPL,150.34,84.0,sell,NASDAQ
tx_0009865,2025-06-16 10:24:03,TSLA,702.6,551.0,sell,NASDAQ
tx_0002756,2025-06-16 10:24:03,BRK.B,279.75,37.0,sell,NYSE
tx_0005456,2025-06-16 10:24:04,GOOGL,2772.98,826.0,buy,NASDAQ
tx_0004537,2025-06-16 10:24:05,AAPL,148.85,965.0,buy,NASDAQ
tx_0004688,2025-06-16 10:24:08,PG,134.54,185.0,sell,NYSE
tx_0007566,2025-06-16 10:24:09,MSFT,298.06,759.0,sell,NASDAQ
tx_0006704,2025-06-16 10:24:11,KO,54.22,471.0,buy,NYSE
tx_0007539,2025-06-16 10:24:11,MCD,262.39,16.0,sell,NYSE
tx_0003563,2025-06-16 10:24:12,AMZN,3469.89,631.0,sell,NASDAQ
tx_0002672,2025-06-16 10:24:17,AAPL,149.55,965.0,sell,NASDAQ
tx_0008617,2025-06-16 10:24:19,NFLX,507.06,639.0,sell,NASDAQ
tx_0002353,2025-06-16 10:24:20,NVDA,203.54,217.0,buy,NASDAQ
tx_0002211,2025-06-16 10:24:21,TSLA,703.55,243.0,sell,NASDAQ
tx_0003788,2025-06-16 10:24:23,JNJ,175.38,792.0,sell,NYSE
tx_0009091,2025-06-16 10:24:24,AMZN,3465.38,342.0,sell,NASDAQ
tx_0008614,2025-06-16 10:24:25,PEP,150.59,183.0,buy,NYSE
tx_0004456,2025-06-16 10:24:29,MA,342.11,692.0,buy,NYSE
tx_0007554,2025-06-16 10:24:32,AMZN,3487.1,288.0,buy,NASDAQ
tx_0001912,2025-06-16 10:24:36,PG,134.42,798.0,sell,NYSE
tx_0008985,2025-06-16 10:24:36,AMZN,3498.75,375.0,buy,NASDAQ
tx_0006785,2025-06-16 10:24:37,PG,135.34,75.0,buy,NYSE
tx_0004292,2025-06-16 10:24:37,V,218.58,372.0,sell,NYSE
tx_0004369,2025-06-16 10:24:40,GOOGL,2783.15,714.0,buy,NASDAQ
tx_0003806,2025-06-16 10:24:45,PEP,150.83,662.0,sell,NYSE
tx_0009370,2025-06-16 10:24:45,ADBE,617.52,622.0,buy,NASDAQ
tx_0007598,2025-06-16 10:24:46,AMZN,3514.13,197.0,sell,NASDAQ
tx_0005018,2025-06-16 10:24:49,MA,342.29,861.0,sell,NYSE
tx_0004446,2025-06-16 10:24:52,KO,54.33,911.0,sell,NYSE
tx_0008062,2025-06-16 10:24:55,ADBE,617.95,972.0,buy,NASDAQ
tx_0007034,2025-06-16 10:24:56,KO,54.28,917.0,sell,NYSE
tx_0003125,2025-06-16 10:24:56,FB,329.89,628.0,sell,NASDAQ
tx_0008205,2025-06-16 10:24:57,JNJ,175.75,403.0,sell,NYSE
tx_0002739,2025-06-16 10:24:58,KO,54.12,505.0,buy,NYSE
tx_0001342,2025-06-16 10:24:59,ADBE,611.38,383.0,buy,NASDAQ
tx_0002024,2025-06-16 10:24:59,BRK.B,279.84,561.0,sell,NYSE
tx_0005901,2025-06-16 10:25:03,TSLA,694.13,799.0,buy,NASDAQ
tx_0009475,2025-06-16 10:25:08,AMZN,3502.98,975.0,buy,NASDAQ
tx_0002016,2025-06-16 10:25:14,MCD,256.87,100.0,buy,NYSE
tx_0004613,2025-06-16 10:25:17,BRK.B,279.11,523.0,sell,NYSE
tx_0001696,2025-06-16 10:25:21,NFLX,506.67,53.0,buy,NASDAQ
tx_0003221,2025-06-16 10:25:23,KO,54.09,306.0,sell,NYSE
tx_0003139,2025-06-16 10:25:24,MCD,260.4,6.0,buy,NYSE
tx_0000680,2025-06-16 10:25:29,MCD,256.84,865.0,sell,NYSE
tx_0009384,2025-06-16 10:25:30,BRK.B,282.19,599.0,buy,NYSE
tx_0004383,2025-06-16 10:25:32,TSLA,706.88,411.0,buy,NASDAQ
tx_0005689,2025-06-16 10:25:34,AMZN,3436.87,790.0,buy,NASDAQ
tx_0000701,2025-06-16 10:25:35,MSFT,296.85,820.0,sell,NASDAQ
tx_0005111,2025-06-16 10:25:40,WMT,142.25,571.0,buy,NYSE
tx_0002595,2025-06-16 10:25:42,ADBE,617.15,54.0,sell,NASDAQ
tx_0008997,2025-06-16 10:25:45,WMT,141.79,942.0,buy,NYSE
tx_0001565,2025-06-16 10:25:48,DIS,190.72,920.0,buy,NYSE
tx_0007617,2025-06-16 10:25:49,KO,54.51,34.0,buy,NYSE
tx_0008608,2025-06-16 10:25:58,TSLA,703.29,83.0,sell,NASDAQ
tx_0004729,2025-06-16 10:25:59,MCD,261.26,233.0,buy,NYSE
tx_0004278,2025-06-16 10:25:59,GOOGL,2780.57,54.0,,NASDAQ
tx_0006946,2025-06-16 10:26:02,NVDA,205.58,333.0,buy,NASDAQ
tx_0001047,2025-06-16 10:26:04,PYPL,245.45,453.0,sell,NASDAQ
tx_0000902,2025-06-16 10:26:06,GOOGL,2781.46,248.0,sell,NASDAQ
tx_0008645,2025-06-16 10:26:06,AMZN,3462.08,953.0,sell,NASDAQ
tx_0000627,2025-06-16 10:26:12,NFLX,,421.0,sell,NASDAQ
tx_0007651,2025-06-16 10:26:15,MSFT,295.3,351.0,buy,NASDAQ
tx_0006957,2025-06-16 10:26:16,PYPL,247.29,623.0,buy,NASDAQ
tx_0006268,2025-06-16 10:26:17,WMT,140.31,460.0,sell,NYSE
tx_0005265,2025-06-16 10:26:19,WMT,141.86,122.0,buy,NYSE
tx_0007600,2025-06-16 10:26:20,MCD,259.14,793.0,buy,NYSE
tx_0006731,2025-06-16 10:26:22,DIS,188.22,256.0,buy,NYSE
tx_0005507,2025-06-16 10:26:24,MA,339.51,69.0,buy,NYSE
tx_0008573,2025-06-16 10:26:29,DIS,189.0,24.0,sell,NYSE
tx_0009231,2025-06-16 10:26:31,WMT,142.03,,sell,NYSE
tx_0003698,2025-06-16 10:26:32,AMZN,3495.81,523.0,buy,NASDAQ
tx_0008046,2025-06-16 10:26:32,AAPL,151.05,230.0,buy,NASDAQ
tx_0008401,2025-06-16 10:26:34,BRK.B,283.66,113.0,sell,NYSE
tx_0002270,2025-06-16 10:26:41,GOOGL,2804.57,238.0,buy,NASDAQ
tx_0009757,2025-06-16 10:26:41,JNJ,176.72,869.0,sell,NYSE
tx_0000139,2025-06-16 10:26:43,BRK.B,282.21,882.0,sell,NYSE
tx_0003222,2025-06-16 10:26:43,DIS,191.61,93.0,buy,NYSE
tx_0007593,2025-06-16 10:26:49,AAPL,149.23,966.0,sell,NASDAQ
tx_0008135,2025-06-16 10:26:50,PG,135.4,396.0,buy,NYSE
tx_0008544,2025-06-16 10:26:52,MCD,261.51,780.0,buy,NYSE
tx_0005349,2025-06-16 10:26:52,PG,137.09,266.0,buy,NYSE
tx_0007729,2025-06-16 10:26:54,AMZN,3484.25,764.0,sell,NASDAQ
tx_0000429,2025-06-16 10:26:54,NFLX,509.69,632.0,sell,NASDAQ
tx_0003425,2025-06-16 10:26:56,NFLX,513.47,983.0,sell,NASDAQ
tx_0000268,2025-06-16 10:26:58,GOOGL,2786.78,152.0,sell,
tx_0001203,2025-06-16 10:27:02,TSLA,703.51,632.0,sell,NASDAQ
tx_0001998,2025-06-16 10:27:05,MCD,262.03,700.0,sell,NYSE
tx_0002169,2025-06-16 10:27:07,MSFT,294.66,195.0,sell,NASDAQ
tx_0009740,2025-06-16 10:27:11,MSFT,296.39,858.0,buy,NASDAQ
tx_0005702,2025-06-16 10:27:12,KO,53.82,472.0,sell,NYSE
tx_0006523,2025-06-16 10:27:15,MA,341.86,454.0,buy,NYSE
tx_0007974,2025-06-16 10:27:16,MCD,259.35,429.0,sell,NYSE
tx_0004318,2025-06-16 10:27:17,WMT,141.62,710.0,sell,NYSE
tx_0001850,2025-06-16 10:27:18,PYPL,244.47,666.0,sell,NASDAQ
tx_0004342,2025-06-16 10:27:21,KO,54.49,454.0,sell,NYSE
tx_0002820,2025-06-16 10:27:24,PEP,147.65,640.0,buy,NYSE
tx_0009224,2025-06-16 10:27:30,MSFT,298.05,230.0,buy,NASDAQ
tx_0009100,2025-06-16 10:27:33,KO,54.72,256.0,sell,NYSE
tx_0001319,2025-06-16 10:27:36,MCD,258.03,102.0,sell,NYSE
tx_0002581,2025-06-16 10:27:37,TSLA,704.52,98.0,buy,NASDAQ
tx_0004538,2025-06-16 10:27:37,NVDA,205.62,982.0,sell,NASDAQ
tx_0001504,2025-06-16 10:27:38,KO,54.3,51.0,sell,NYSE
tx_0009192,2025-06-16 10:27:38,MA,340.97,88.0,buy,NYSE
tx_0002301,2025-06-16 10:27:39,PEP,148.85,945.0,sell,NYSE
tx_0005789,2025-06-16 10:27:39,MA,338.03,490.0,buy,NYSE
tx_0001182,2025-06-16 10:27:41,AAPL,148.84,167.0,sell,NASDAQ
tx_0003080,2025-06-16 10:27:42,BRK.B,285.32,792.0,buy,NYSE
tx_0002087,2025-06-16 10:27:42,MCD,258.37,300.0,buy,NYSE
tx_0008942,2025-06-16 10:27:43,KO,54.43,132.0,sell,NYSE
tx_0006792,2025-06-16 10:27:45,AMZN,3465.21,142.0,buy,NASDAQ
tx_0009773,2025-06-16 10:27:45,BRK.B,282.75,766.0,sell,NYSE
tx_0003185,2025-06-16 10:27:46,MCD,,99.0,sell,NYSE
tx_0005968,2025-06-16 10:27:50,FB,328.21,277.0,sell,NASDAQ
tx_0005784,2025-06-16 10:27:50,PG,135.37,516.0,buy,NYSE
tx_0007687,2025-06-16 10:27:54,WMT,141.71,605.0,sell,NYSE
tx_0008086,2025-06-16 10:28:01,AAPL,149.56,426.0,sell,NASDAQ
tx_0005272,2025-06-16 10:28:02,TSLA,697.45,325.0,buy,NASDAQ
tx_0001133,2025-06-16 10:28:03,DIS,189.84,261.0,buy,NYSE
tx_0001510,2025-06-16 10:28:03,MSFT,295.4,123.0,buy,NASDAQ
tx_0008203,2025-06-16 10:28:08,PEP,147.65,78.0,buy,NYSE
tx_0002089,2025-06-16 10:28:10,BRK.B,283.11,181.0,sell,NYSE
tx_0004265,2025-06-16 10:28:12,PYPL,248.47,79.0,sell,NASDAQ
tx_0009170,2025-06-16 10:28:12,TSLA,699.5,72.0,sell,NASDAQ
tx_0001952,2025-06-16 10:28:13,BRK.B,285.72,494.0,sell,NYSE
tx_0008181,2025-06-16 10:28:16,MA,338.27,600.0,buy,NYSE
tx_0005612,2025-06-16 10:28:17,V,218.25,686.0,sell,NYSE
tx_0008243,2025-06-16 10:28:18,FB,323.72,468.0,buy,NASDAQ
tx_0009374,2025-06-16 10:28:18,MA,340.68,433.0,sell,NYSE
tx_0006686,2025-06-16 10:28:19,MSFT,296.01,44.0,sell,NASDAQ
tx_0005578,2025-06-16 10:28:22,MA,344.38,721.0,buy,NYSE
tx_0002027,2025-06-16 10:28:22,MA,339.48,54.0,sell,NYSE
tx_0007327,2025-06-16 10:28:23,TSLA,692.09,143.0,sell,NASDAQ
tx_0006345,2025-06-16 10:28:23,JNJ,177.89,857.0,buy,NYSE
tx_0009321,2025-06-16 10:28:33,JNJ,176.62,515.0,sell,NYSE
tx_0000366,2025-06-16 10:28:36,TSLA,702.34,462.0,buy,NASDAQ
tx_0009344,2025-06-16 10:28:38,GOOGL,2831.59,70.0,buy,NASDAQ
tx_0003419,2025-06-16 10:28:38,AMZN,3462.76,225.0,buy,NASDAQ
tx_0008351,2025-06-16 10:28:52,MSFT,293.84,641.0,buy,NASDAQ
tx_0009712,2025-06-16 10:28:52,ADBE,,888.0,sell,NASDAQ
tx_0001277,2025-06-16 10:28:55,AAPL,150.35,613.0,buy,NASDAQ
tx_0000815,2025-06-16 10:28:58,NVDA,204.99,937.0,sell,NASDAQ
tx_0000755,2025-06-16 10:28:58,DIS,191.19,720.0,buy,NYSE
tx_0002946,2025-06-16 10:28:59,MSFT,293.29,827.0,sell,NASDAQ
tx_0009250,2025-06-16 10:29:02,FB,324.5,728.0,sell,NASDAQ
tx_0001990,2025-06-16 10:29:07,V,215.97,143.0,sell,NYSE
tx_0004548,2025-06-16 10:29:10,BRK.B,282.23,543.0,sell,NYSE
tx_0000112,2025-06-16 10:29:14,DIS,190.74,842.0,buy,NYSE
tx_0006261,2025-06-16 10:29:23,KO,53.99,533.0,sell,NYSE
tx_0003623,2025-06-16 10:29:25,PEP,148.61,103.0,sell,NYSE
tx_0004630,2025-06-16 10:29:26,PG,137.57,579.0,buy,NYSE
tx_0005605,2025-06-16 10:29:30,AAPL,149.11,817.0,buy,NASDAQ
tx_0005352,2025-06-16 10:29:33,AMZN,3467.01,745.0,sell,NASDAQ
tx_0001380,2025-06-16 10:29:36,JNJ,178.39,652.0,buy,NYSE
tx_0006717,2025-06-16 10:29:37,PEP,147.72,343.0,buy,NYSE
tx_0002046,2025-06-16 10:29:43,MCD,261.09,879.0,sell,NYSE
tx_0008961,2025-06-16 10:29:43,PG,136.87,457.0,sell,NYSE
tx_0004111,2025-06-16 10:29:46,NVDA,203.37,282.0,sell,NASDAQ
tx_0001242,2025-06-16 10:29:47,MA,344.33,265.0,buy,NYSE
tx_0009983,2025-06-16 10:29:48,FB,325.11,346.0,buy,NASDAQ
tx_0003026,2025-06-16 10:29:51,MA,341.06,113.0,sell,NYSE
tx_0008116,2025-06-16 10:29:52,WMT,139.77,692.0,sell,NYSE
tx_0008185,2025-06-16 10:29:52,TSLA,696.39,664.0,buy,NASDAQ
tx_0007843,2025-06-16 10:29:53,MA,343.08,420.0,buy,NYSE
tx_0000659,2025-06-16 10:29:58,KO,54.1,363.0,buy,NYSE
tx_0003848,2025-06-16 10:29:58,AAPL,151.13,555.0,buy,NASDAQ
tx_0001712,2025-06-16 10:30:02,TSLA,686.2,170.0,buy,NASDAQ
tx_0009799,2025-06-16 10:30:03,AAPL,150.59,554.0,sell,NASDAQ
tx_0009813,2025-06-16 10:30:04,MA,343.43,349.0,buy,NYSE
tx_0002932,2025-06-16 10:30:06,PG,136.03,681.0,sell,NYSE
tx_0005532,2025-06-16 10:30:10,PYPL,246.91,755.0,buy,NASDAQ
tx_0008671,2025-06-16 10:30:11,MCD,256.81,850.0,sell,NYSE
tx_0004850,2025-06-16 10:30:12,JNJ,176.61,432.0,buy,NYSE
tx_0008068,2025-06-16 10:30:14,ADBE,615.23,555.0,sell,NASDAQ
tx_0008094,2025-06-16 10:30:16,DIS,192.63,956.0,buy,NYSE
tx_0008270,2025-06-16 10:30:17,GOOGL,2784.98,547.0,buy,NASDAQ
tx_0008038,2025-06-16 10:30:18,PG,137.85,388.0,buy,NYSE
tx_0000180,2025-06-16 10:30:19,TSLA,691.71,280.0,sell,NASDAQ
tx_0004731,2025-06-16 10:30:21,AMZN,3463.87,285.0,sell,NASDAQ
tx_0001428,2025-06-16 10:30:27,WMT,139.68,167.0,sell,NYSE
tx_0000396,2025-06-16 10:30:29,PYPL,246.32,728.0,buy,NASDAQ
tx_0002376,2025-06-16 10:30:31,BRK.B,281.44,605.0,buy,NYSE
tx_0007177,2025-06-16 10:30:32,ADBE,620.65,164.0,buy,NASDAQ
tx_0000389,2025-06-16 10:30:33,AMZN,3437.64,121.0,sell,NASDAQ
tx_0008093,2025-06-16 10:30:36,KO,54.33,43.0,buy,NYSE
tx_0003010,2025-06-16 10:30:37,JNJ,178.57,129.0,buy,NYSE
tx_0008416,2025-06-16 10:30:38,MSFT,296.31,233.0,sell,NASDAQ
tx_0006858,2025-06-16 10:30:41,MA,344.26,147.0,sell,NYSE
tx_0006242,2025-06-16 10:30:46,GOOGL,2797.6,133.0,sell,NASDAQ
tx_0002619,2025-06-16 10:30:48,WMT,139.74,442.0,sell,NYSE
tx_0009382,2025-06-16 10:30:51,NVDA,203.36,698.0,buy,NASDAQ
tx_0001562,2025-06-16 10:30:52,TSLA,692.62,878.0,sell,NASDAQ
tx_0002948,2025-06-16 10:30:57,MCD,258.17,232.0,buy,NYSE
tx_0003127,2025-06-16 10:31:00,MA,343.16,331.0,sell,NYSE
tx_0006907,2025-06-16 10:31:01,PG,136.42,491.0,buy,NYSE
tx_0008714,2025-06-16 10:31:06,MA,339.08,510.0,sell,NYSE
tx_0006823,2025-06-16 10:31:07,JNJ,177.61,800.0,buy,NYSE
tx_0004981,2025-06-16 10:31:10,KO,54.76,112.0,buy,NYSE
tx_0003681,2025-06-16 10:31:10,DIS,192.46,914.0,sell,NYSE
tx_0007608,2025-06-16 10:31:15,MCD,261.59,92.0,sell,NYSE
tx_0006433,2025-06-16 10:31:17,MCD,262.25,782.0,sell,NYSE
tx_0005536,2025-06-16 10:31:17,V,216.31,73.0,buy,NYSE
tx_0007001,2025-06-16 10:31:18,BRK.B,285.25,19.0,buy,NYSE
tx_0008534,2025-06-16 10:31:18,MA,342.8,304.0,sell,NYSE
tx_0007400,2025-06-16 10:31:22,AMZN,3442.22,,buy,NASDAQ
tx_0007004,2025-06-16 10:31:25,AMZN,3424.59,218.0,sell,NASDAQ
tx_0001482,2025-06-16 10:31:25,MCD,261.17,545.0,buy,NYSE
tx_0001400,2025-06-16 10:31:29,TSLA,687.91,260.0,buy,NASDAQ
tx_0002116,2025-06-16 10:31:40,MSFT,294.99,727.0,sell,NASDAQ
tx_0006641,2025-06-16 10:31:44,AMZN,3469.03,95.0,sell,NASDAQ
tx_0003751,2025-06-16 10:31:46,MCD,260.38,444.0,buy,NYSE
tx_0002650,2025-06-16 10:31:46,WMT,139.83,39.0,buy,NYSE
tx_0007485,2025-06-16 10:31:48,BRK.B,285.04,606.0,buy,NYSE
tx_0000232,2025-06-16 10:31:54,JNJ,177.87,926.0,buy,NYSE
tx_0004361,2025-06-16 10:31:54,TSLA,688.6,704.0,buy,NASDAQ
tx_0008537,2025-06-16 10:31:59,NVDA,204.06,889.0,sell,NASDAQ
tx_0007811,2025-06-16 10:32:04,NFLX,518.39,7.0,sell,NASDAQ
tx_0005373,2025-06-16 10:32:08,TSLA,686.19,398.0,buy,NASDAQ
tx_0006921,2025-06-16 10:32:09,PYPL,246.98,353.0,sell,NASDAQ
tx_0006625,2025-06-16 10:32:16,NVDA,,553.0,sell,NASDAQ
tx_0001301,2025-06-16 10:32:16,KO,54.03,553.0,buy,NYSE
tx_0001540,2025-06-16 10:32:17,DIS,192.68,603.0,buy,NYSE
tx_0004389,2025-06-16 10:32:20,JNJ,178.09,91.0,sell,NYSE
tx_0008747,2025-06-16 10:32:21,MCD,260.45,208.0,buy,NYSE
tx_0003921,2025-06-16 10:32:21,AMZN,3441.06,952.0,buy,NASDAQ
tx_0005606,2025-06-16 10:32:25,TSLA,694.24,527.0,buy,NASDAQ
tx_0009236,2025-06-16 10:32:27,AAPL,150.96,22.0,buy,NASDAQ
tx_0006901,2025-06-16 10:32:30,GOOGL,2819.44,444.0,sell,NASDAQ
tx_0007990,2025-06-16 10:32:38,NFLX,516.61,440.0,sell,NASDAQ
tx_0005086,2025-06-16 10:32:38,TSLA,696.29,447.0,,NASDAQ
tx_0004263,2025-06-16 10:32:40,PYPL,245.3,797.0,buy,NASDAQ
tx_0005849,2025-06-16 10:32:42,JNJ,176.17,897.0,buy,NYSE
tx_0000443,2025-06-16 10:32:43,V,216.38,881.0,buy,NYSE
tx_0008533,2025-06-16 10:32:44,ADBE,625.39,491.0,buy,NASDAQ
tx_0005329,2025-06-16 10:32:44,MSFT,293.23,951.0,buy,NASDAQ
tx_0006614,2025-06-16 10:32:45,TSLA,695.79,344.0,sell,NASDAQ
tx_0003449,2025-06-16 10:32:45,AAPL,147.8,753.0,sell,NASDAQ
tx_0002025,2025-06-16 10:32:47,KO,54.47,441.0,sell,NYSE
tx_0000135,2025-06-16 10:32:50,JNJ,175.63,863.0,buy,NYSE
tx_0004275,2025-06-16 10:32:51,ADBE,618.89,192.0,sell,NASDAQ
tx_0004162,2025-06-16 10:32:54,DIS,193.6,953.0,sell,NYSE
tx_0009412,2025-06-16 10:32:54,TSLA,691.83,749.0,buy,NASDAQ
tx_0003391,2025-06-16 10:32:57,MA,339.3,645.0,buy,NYSE
tx_0003699,2025-06-16 10:32:58,FB,326.55,785.0,buy,NASDAQ
tx_0000662,2025-06-16 10:33:01,ADBE,618.78,78.0,sell,NASDAQ
tx_0000654,2025-06-16 10:33:01,GOOGL,2833.44,139.0,sell,NASDAQ
tx_0008460,2025-06-16 10:33:01,WMT,141.5,853.0,sell,NYSE
tx_0007836,2025-06-16 10:33:02,ADBE,616.7,439.0,sell,NASDAQ
tx_0001812,2025-06-16 10:33:03,KO,54.77,682.0,buy,NYSE
tx_0003055,2025-06-16 10:33:06,GOOGL,2838.59,855.0,sell,NASDAQ
tx_0000558,2025-06-16 10:33:06,GOOGL,2802.04,60.0,sell,NASDAQ
tx_0005097,2025-06-16 10:33:07,V,215.0,322.0,sell,NYSE
tx_0002560,2025-06-16 10:33:11,FB,325.72,524.0,buy,NASDAQ
tx_0005790,2025-06-16 10:33:12,MA,340.17,58.0,sell,NYSE
tx_0009207,2025-06-16 10:33:30,GOOGL,2841.6,600.0,sell,NASDAQ
tx_0002456,2025-06-16 10:33:31,TSLA,696.7,365.0,sell,NASDAQ
tx_0000206,2025-06-16 10:33:32,BRK.B,286.17,,buy,NYSE
tx_0007155,2025-06-16 10:33:33,AAPL,149.37,660.0,buy,NASDAQ
tx_0006841,2025-06-16 10:33:34,WMT,141.76,509.0,sell,NYSE
tx_0003953,2025-06-16 10:33:36,AAPL,147.34,455.0,buy,NASDAQ
tx_0008536,2025-06-16 10:33:36,PG,137.13,984.0,sell,NYSE
tx_0007665,2025-06-16 10:33:39,BRK.B,286.18,39.0,sell,NYSE
tx_0008664,2025-06-16 10:33:40,JNJ,179.23,818.0,sell,NYSE
tx_0006253,2025-06-16 10:33:44,AAPL,148.64,,buy,NASDAQ
tx_0000609,2025-06-16 10:33:51,TSLA,695.8,58.0,sell,NASDAQ
tx_0000225,2025-06-16 10:33:52,BRK.B,287.73,335.0,buy,NYSE
tx_0002923,2025-06-16 10:33:53,JNJ,177.5,712.0,sell,NYSE
tx_0007061,2025-06-16 10:33:54,GOOGL,2832.45,793.0,sell,NASDAQ
tx_0007041,2025-06-16 10:33:56,GOOGL,2830.49,50.0,sell,NASDAQ
tx_0008340,2025-06-16 10:34:08,ADBE,614.86,919.0,sell,NASDAQ
tx_0009060,2025-06-16 10:34:11,PYPL,244.89,110.0,buy,NASDAQ
tx_0000227,2025-06-16 10:34:12,AMZN,3460.77,377.0,sell,NASDAQ
tx_0005089,2025-06-16 10:34:15,NVDA,203.17,905.0,,NASDAQ
tx_0000842,2025-06-16 10:34:19,MSFT,294.92,164.0,sell,NASDAQ
tx_0003340,2025-06-16 10:34:22,BRK.B,287.11,732.0,sell,NYSE
tx_0009761,2025-06-16 10:34:22,TSLA,692.69,185.0,buy,NASDAQ
tx_0003706,2025-06-16 10:34:23,ADBE,619.77,18.0,sell,NASDAQ
tx_0001459,2025-06-16 10:34:24,NFLX,518.03,884.0,sell,NASDAQ
tx_0009969,2025-06-16 10:34:24,PYPL,242.93,94.0,sell,NASDAQ
tx_0004632,2025-06-16 10:34:29,MSFT,290.54,189.0,buy,NASDAQ
tx_0007197,2025-06-16 10:34:30,AMZN,3473.09,631.0,sell,NASDAQ
tx_0000460,2025-06-16 10:34:33,WMT,140.92,370.0,buy,NYSE
tx_0006423,2025-06-16 10:34:37,NFLX,516.37,92.0,buy,NASDAQ
tx_0002119,2025-06-16 10:34:37,NFLX,514.38,682.0,buy,NASDAQ
tx_0009492,2025-06-16 10:34:44,TSLA,700.45,705.0,buy,NASDAQ
tx_0000282,2025-06-16 10:34:45,TSLA,694.64,589.0,buy,NASDAQ
tx_0009689,2025-06-16 10:34:51,JNJ,175.91,330.0,sell,NYSE
tx_0004685,2025-06-16 10:34:51,MCD,260.88,274.0,buy,NYSE
tx_0002601,2025-06-16 10:34:52,PEP,149.63,677.0,sell,NYSE
tx_0007285,2025-06-16 10:34:54,MA,343.23,729.0,buy,NYSE
tx_0006222,2025-06-16 10:34:54,PYPL,241.31,145.0,sell,NASDAQ
tx_0005719,2025-06-16 10:35:02,TSLA,695.37,401.0,buy,NASDAQ
tx_0001522,2025-06-16 10:35:02,V,215.16,917.0,buy,NYSE
tx_0007361,2025-06-16 10:35:07,MA,340.57,404.0,sell,NYSE
tx_0007286,2025-06-16 10:35:11,NVDA,203.97,463.0,buy,NASDAQ
tx_0005924,2025-06-16 10:35:12,ADBE,618.54,859.0,buy,NASDAQ
tx_0001049,2025-06-16 10:35:14,BRK.B,289.19,453.0,buy,NYSE
tx_0001736,2025-06-16 10:35:14,BRK.B,288.92,553.0,sell,NYSE
tx_0004809,2025-06-16 10:35:16,GOOGL,2787.62,854.0,sell,NASDAQ
tx_0006608,2025-06-16 10:35:18,GOOGL,2808.07,260.0,buy,NASDAQ
tx_0009022,2025-06-16 10:35:19,JNJ,176.5,288.0,sell,NYSE
tx_0004732,2025-06-16 10:35:25,MA,345.03,338.0,buy,NYSE
tx_0001707,2025-06-16 10:35:25,GOOGL,2793.24,,sell,NASDAQ
tx_0000320,2025-06-16 10:35:29,PYPL,241.68,75.0,sell,NASDAQ
tx_0008926,2025-06-16 10:35:31,NVDA,207.68,618.0,sell,NASDAQ
tx_0004418,2025-06-16 10:35:33,PG,137.84,828.0,buy,NYSE
tx_0006509,2025-06-16 10:35:34,NVDA,207.38,276.0,sell,NASDAQ
tx_0006750,2025-06-16 10:35:35,PYPL,241.63,139.0,sell,NASDAQ
tx_0003596,2025-06-16 10:35:36,PYPL,244.55,309.0,buy,NASDAQ
tx_0004168,2025-06-16 10:35:38,DIS,191.23,439.0,sell,NYSE
tx_0009032,2025-06-16 10:35:40,DIS,191.66,374.0,sell,NYSE
tx_0000568,2025-06-16 10:35:46,KO,54.11,862.0,buy,NYSE
tx_0000451,2025-06-16 10:35:46,NFLX,518.17,732.0,sell,NASDAQ
tx_0003032,2025-06-16 10:35:50,V,216.83,88.0,sell,NYSE
tx_0001272,2025-06-16 10:35:52,NFLX,514.44,606.0,sell,NASDAQ
tx_0008849,2025-06-16 10:35:53,PG,136.5,725.0,buy,NYSE
tx_0007275,2025-06-16 10:35:53,ADBE,628.39,9.0,buy,NASDAQ
tx_0001625,2025-06-16 10:35:55,ADBE,618.37,460.0,buy,NASDAQ
tx_0009512,2025-06-16 10:35:56,BRK.B,289.15,705.0,sell,NYSE
tx_0004160,2025-06-16 10:35:57,JNJ,177.53,45.0,sell,NYSE
tx_0001668,2025-06-16 10:36:01,PYPL,241.09,588.0,sell,NASDAQ
tx_0001020,2025-06-16 10:36:02,NVDA,204.52,739.0,buy,NASDAQ
tx_0006801,2025-06-16 10:36:03,MCD,259.96,380.0,buy,NYSE
tx_0004873,2025-06-16 10:36:10,JNJ,176.46,684.0,buy,NYSE
tx_0006041,2025-06-16 10:36:10,NFLX,510.12,798.0,buy,NASDAQ
tx_0007837,2025-06-16 10:36:11,PEP,147.69,515.0,sell,NYSE
tx_0004195,2025-06-16 10:36:13,FB,324.65,946.0,buy,NASDAQ
tx_0008207,2025-06-16 10:36:15,ADBE,621.67,764.0,sell,NASDAQ
tx_0003250,2025-06-16 10:36:18,PYPL,239.95,805.0,buy,NASDAQ
tx_0007987,2025-06-16 10:36:19,MCD,261.77,342.0,buy,NYSE
tx_0003486,2025-06-16 10:36:20,PEP,148.98,626.0,sell,NYSE
tx_0000294,2025-06-16 10:36:22,TSLA,699.75,510.0,buy,NASDAQ
tx_0000365,2025-06-16 10:36:22,PEP,148.33,344.0,buy,NYSE
tx_0006051,2025-06-16 10:36:23,DIS,191.87,849.0,buy,NYSE
tx_0000685,2025-06-16 10:36:24,JNJ,178.73,804.0,buy,NYSE
tx_0002814,2025-06-16 10:36:30,GOOGL,2805.24,593.0,sell,NASDAQ
tx_0009338,2025-06-16 10:36:31,BRK.B,290.4,703.0,sell,NYSE
tx_0004504,2025-06-16 10:36:33,AAPL,150.14,269.0,buy,NASDAQ
tx_0002592,2025-06-16 10:36:33,MCD,260.42,288.0,buy,NYSE
tx_0007282,2025-06-16 10:36:36,AMZN,3524.19,559.0,sell,NASDAQ
tx_0003123,2025-06-16 10:36:37,PEP,147.84,351.0,sell,NYSE
tx_0006975,2025-06-16 10:36:38,WMT,141.6,945.0,sell,NYSE
tx_0009097,2025-06-16 10:36:39,MSFT,293.64,124.0,buy,NASDAQ
tx_0006456,2025-06-16 10:36:40,MSFT,289.96,514.0,buy,NASDAQ
tx_0002653,2025-06-16 10:36:41,NVDA,207.48,235.0,buy,NASDAQ
tx_0000252,2025-06-16 10:36:45,NVDA,207.91,433.0,sell,NASDAQ
tx_0003613,2025-06-16 10:36:45,DIS,193.45,753.0,sell,NYSE
tx_0009609,2025-06-16 10:36:46,V,212.94,967.0,buy,NYSE
tx_0004319,2025-06-16 10:36:49,PYPL,239.25,137.0,buy,NASDAQ
tx_0005884,2025-06-16 10:36:55,WMT,141.19,367.0,buy,NYSE
