transaction_id,timestamp,stock_symbol,price,quantity,order_type,exchange
tx_0005599,2025-06-15 09:30:00,TSLA,696.56,220,sell,NASDAQ
tx_0002516,2025-06-15 09:30:06,ADBE,601.1,574,buy,NASDAQ
tx_0006586,2025-06-15 09:30:12,PEP,150.03,142,sell,NYSE
tx_0009351,2025-06-15 09:30:13,TSLA,705.05,717,sell,NASDAQ
tx_0000938,2025-06-15 09:30:15,WMT,140.17,514,buy,NYSE
tx_0008554,2025-06-15 09:30:22,MA,353.03,494,buy,NYSE
tx_0004276,2025-06-15 09:30:24,AMZN,3519.11,410,sell,NASDAQ
tx_0002446,2025-06-15 09:30:24,MCD,249.38,751,buy,NYSE
tx_0007308,2025-06-15 09:30:24,NFLX,499.25,537,sell,NASDAQ
tx_0007383,2025-06-15 09:30:27,DIS,178.99,477,buy,NYSE
tx_0008648,2025-06-15 09:30:28,PYPL,251.84,837,buy,NASDAQ
tx_0005646,2025-06-15 09:30:28,NVDA,201.99,611,buy,NASDAQ
tx_0004009,2025-06-15 09:30:31,JNJ,168.95,549,sell,NYSE
tx_0001427,2025-06-15 09:30:35,AAPL,149.22,784,sell,NASDAQ
tx_0007832,2025-06-15 09:30:39,AAPL,149.66,537,buy,NASDAQ
tx_0006941,2025-06-15 09:30:44,AMZN,3510.48,319,buy,NASDAQ
tx_0003210,2025-06-15 09:30:44,MA,351.97,888,buy,NYSE
tx_0005249,2025-06-15 09:30:45,NVDA,200.34,854,buy,NASDAQ
tx_0005052,2025-06-15 09:30:46,MCD,250.87,638,buy,NYSE
tx_0008068,2025-06-15 09:30:54,KO,54.77,917,sell,NYSE
tx_0009842,2025-06-15 09:30:58,FB,331.83,891,sell,NASDAQ
tx_0002051,2025-06-15 09:31:00,KO,54.46,406,buy,NYSE
tx_0003864,2025-06-15 09:31:01,MCD,248.48,596,buy,NYSE
tx_0004614,2025-06-15 09:31:01,PYPL,248.73,961,buy,NASDAQ
tx_0008632,2025-06-15 09:31:04,PEP,148.62,725,sell,NYSE
tx_0007594,2025-06-15 09:31:10,NVDA,200.88,461,buy,NASDAQ
tx_0006995,2025-06-15 09:31:11,PEP,149.61,410,sell,NYSE
tx_0001716,2025-06-15 09:31:18,KO,54.8,751,sell,NYSE
tx_0002028,2025-06-15 09:31:22,KO,54.71,129,sell,NYSE
tx_0006131,2025-06-15 09:31:26,JNJ,170.09,367,buy,NYSE
tx_0009136,2025-06-15 09:31:28,KO,54.79,362,buy,NYSE
tx_0004493,2025-06-15 09:31:30,AMZN,3494.03,129,sell,NASDAQ
tx_0009611,2025-06-15 09:31:34,KO,54.62,507,sell,NYSE
tx_0007175,2025-06-15 09:31:43,DIS,179.32,325,buy,NYSE
tx_0000583,2025-06-15 09:31:43,PYPL,246.96,544,sell,NASDAQ
tx_0004050,2025-06-15 09:31:45,MA,354.56,203,sell,NYSE
tx_0003909,2025-06-15 09:31:46,BRK.B,278.44,537,buy,NYSE
tx_0006771,2025-06-15 09:31:52,NVDA,200.57,435,buy,NASDAQ
tx_0007765,2025-06-15 09:31:52,MSFT,302.02,964,buy,NASDAQ
tx_0006118,2025-06-15 09:31:53,PEP,148.2,275,sell,NYSE
tx_0007001,2025-06-15 09:31:54,V,218.09,366,sell,NYSE
tx_0006669,2025-06-15 09:31:57,JNJ,170.55,172,sell,NYSE
tx_0007252,2025-06-15 09:32:00,MSFT,300.58,825,buy,NASDAQ
tx_0000601,2025-06-15 09:32:03,PYPL,249.81,366,sell,NASDAQ
tx_0008512,2025-06-15 09:32:04,AAPL,149.63,271,sell,NASDAQ
tx_0002754,2025-06-15 09:32:07,PEP,150.27,874,buy,NYSE
tx_0005569,2025-06-15 09:32:07,PG,140.7,493,buy,NYSE
tx_0003495,2025-06-15 09:32:20,MCD,250.2,332,sell,NYSE
tx_0008226,2025-06-15 09:32:20,NFLX,499.63,138,sell,NASDAQ
tx_0006188,2025-06-15 09:32:21,PYPL,249.02,196,sell,NASDAQ
tx_0008446,2025-06-15 09:32:21,V,219.03,243,sell,NYSE
tx_0004165,2025-06-15 09:32:22,BRK.B,278.08,396,sell,NYSE
tx_0003928,2025-06-15 09:32:25,GOOGL,2827.7,782,buy,NASDAQ
tx_0003958,2025-06-15 09:32:29,NFLX,505.76,196,buy,NASDAQ
tx_0003332,2025-06-15 09:32:30,GOOGL,2788.91,439,sell,NASDAQ
tx_0004145,2025-06-15 09:32:32,AMZN,3519.3,383,sell,NASDAQ
tx_0007993,2025-06-15 09:32:35,DIS,178.5,724,buy,NYSE
tx_0005084,2025-06-15 09:32:39,BRK.B,277.64,822,sell,NYSE
tx_0002852,2025-06-15 09:32:41,NVDA,200.22,270,buy,NASDAQ
tx_0007191,2025-06-15 09:32:41,WMT,141.94,386,sell,NYSE
tx_0001849,2025-06-15 09:32:42,FB,331.32,519,buy,NASDAQ
tx_0008201,2025-06-15 09:32:46,MCD,248.79,139,buy,NYSE
tx_0006896,2025-06-15 09:32:47,PEP,150.63,217,buy,NYSE
tx_0001258,2025-06-15 09:32:51,NFLX,506.28,953,buy,NASDAQ
tx_0009238,2025-06-15 09:32:53,FB,326.94,264,buy,NASDAQ
tx_0000643,2025-06-15 09:32:54,FB,326.15,308,buy,NASDAQ
tx_0002723,2025-06-15 09:32:54,V,218.53,768,sell,NYSE
tx_0007297,2025-06-15 09:32:55,TSLA,686.11,933,sell,NASDAQ
tx_0002292,2025-06-15 09:33:00,MA,355.9,429,buy,NYSE
tx_0000772,2025-06-15 09:33:06,MSFT,302.22,642,sell,NASDAQ
tx_0001319,2025-06-15 09:33:06,V,218.53,197,sell,NYSE
tx_0004322,2025-06-15 09:33:09,DIS,178.57,890,buy,NYSE
tx_0006754,2025-06-15 09:33:10,KO,54.39,994,sell,NYSE
tx_0006123,2025-06-15 09:33:15,V,216.51,602,sell,NYSE
tx_0002234,2025-06-15 09:33:16,PYPL,248.42,784,buy,NASDAQ
tx_0004407,2025-06-15 09:33:16,MSFT,301.5,750,buy,NASDAQ
tx_0007856,2025-06-15 09:33:18,AMZN,3515.07,651,buy,NASDAQ
tx_0000948,2025-06-15 09:33:21,NFLX,503.71,955,sell,NASDAQ
tx_0007981,2025-06-15 09:33:21,V,220.0,522,buy,NYSE
tx_0008990,2025-06-15 09:33:22,BRK.B,281.61,702,sell,NYSE
tx_0003819,2025-06-15 09:33:22,MA,351.12,450,buy,NYSE
tx_0004236,2025-06-15 09:33:24,AMZN,3499.61,786,buy,NASDAQ
tx_0003741,2025-06-15 09:33:28,PYPL,248.68,349,buy,NASDAQ
tx_0002249,2025-06-15 09:33:34,PG,140.61,676,sell,NYSE
tx_0000849,2025-06-15 09:33:41,MSFT,297.04,389,buy,
tx_0004808,2025-06-15 09:33:44,PYPL,245.36,631,sell,NASDAQ
tx_0000517,2025-06-15 09:33:49,JNJ,170.94,547,buy,NYSE
tx_0007475,2025-06-15 09:33:54,AAPL,151.19,299,sell,NASDAQ
tx_0009399,2025-06-15 09:33:54,NFLX,497.95,399,sell,NASDAQ
tx_0007005,2025-06-15 09:33:55,PEP,149.3,893,buy,NYSE
tx_0006552,2025-06-15 09:33:56,TSLA,691.02,722,buy,NASDAQ
tx_0004630,2025-06-15 09:33:57,MSFT,300.73,656,sell,NASDAQ
tx_0005588,2025-06-15 09:33:57,PEP,150.5,179,buy,NYSE
tx_0004890,2025-06-15 09:33:57,DIS,180.04,958,buy,NYSE
tx_0002969,2025-06-15 09:33:57,BRK.B,279.15,545,buy,NYSE
tx_0008159,2025-06-15 09:33:59,NFLX,503.77,221,sell,NASDAQ
tx_0008945,2025-06-15 09:34:01,MSFT,296.92,639,buy,NASDAQ
tx_0006779,2025-06-15 09:34:06,MA,353.81,297,sell,NYSE
tx_0007319,2025-06-15 09:34:06,PEP,150.52,968,sell,NYSE
tx_0007539,2025-06-15 09:34:08,NVDA,200.41,788,sell,NASDAQ
tx_0003447,2025-06-15 09:34:08,TSLA,689.5,319,sell,NASDAQ
tx_0004241,2025-06-15 09:34:08,V,219.67,536,sell,NYSE
tx_0006219,2025-06-15 09:34:12,PEP,148.71,113,buy,NYSE
tx_0005551,2025-06-15 09:34:18,AMZN,3517.17,604,buy,NASDAQ
tx_0009449,2025-06-15 09:34:19,AAPL,150.05,849,buy,NASDAQ
tx_0009248,2025-06-15 09:34:20,PEP,148.29,273,sell,NYSE
tx_0007126,2025-06-15 09:34:21,MSFT,299.64,589,buy,NASDAQ
tx_0005844,2025-06-15 09:34:21,MA,352.99,698,buy,NYSE
tx_0008550,2025-06-15 09:34:23,FB,332.75,280,sell,NASDAQ
tx_0001885,2025-06-15 09:34:23,DIS,181.52,634,sell,NYSE
tx_0006185,2025-06-15 09:34:26,JNJ,169.68,957,buy,NYSE
tx_0005043,2025-06-15 09:34:26,GOOGL,2778.78,713,sell,NASDAQ
tx_0009461,2025-06-15 09:34:28,MA,349.66,293,buy,NYSE
tx_0006081,2025-06-15 09:34:28,WMT,141.14,474,buy,NYSE
tx_0004582,2025-06-15 09:34:29,PG,141.04,596,sell,NYSE
tx_0005518,2025-06-15 09:34:35,NVDA,201.72,838,sell,NASDAQ
tx_0000576,2025-06-15 09:34:37,BRK.B,275.79,257,sell,NYSE
tx_0004877,2025-06-15 09:34:38,MCD,252.31,392,sell,NYSE
tx_0001928,2025-06-15 09:34:42,WMT,143.64,417,sell,NYSE
tx_0001312,2025-06-15 09:34:42,GOOGL,2798.88,585,sell,NASDAQ
tx_0002733,2025-06-15 09:34:45,PG,139.24,957,sell,NYSE
tx_0006452,2025-06-15 09:34:48,PG,138.93,160,buy,NYSE
tx_0003290,2025-06-15 09:34:50,PYPL,243.71,865,buy,NASDAQ
tx_0006194,2025-06-15 09:34:53,WMT,141.25,643,sell,NYSE
tx_0003311,2025-06-15 09:34:53,PYPL,248.1,353,,NASDAQ
tx_0001964,2025-06-15 09:34:54,PG,139.38,901,buy,
tx_0002094,2025-06-15 09:34:55,BRK.B,278.32,861,buy,NYSE
tx_0007826,2025-06-15 09:34:57,DIS,180.84,671,sell,NYSE
tx_0005676,2025-06-15 09:35:00,DIS,178.8,803,buy,NYSE
tx_0003591,2025-06-15 09:35:08,WMT,143.6,919,,NYSE
tx_0009624,2025-06-15 09:35:08,PYPL,247.22,798,buy,NASDAQ
tx_0000562,2025-06-15 09:35:09,TSLA,696.83,307,buy,NASDAQ
tx_0008467,2025-06-15 09:35:10,KO,53.72,985,buy,NYSE
tx_0000842,2025-06-15 09:35:15,PYPL,247.61,374,sell,NASDAQ
tx_0006921,2025-06-15 09:35:20,GOOGL,2807.88,311,buy,NASDAQ
tx_0006720,2025-06-15 09:35:20,JNJ,168.42,167,buy,NYSE
tx_0000357,2025-06-15 09:35:24,MSFT,299.43,842,buy,NASDAQ
tx_0003235,2025-06-15 09:35:27,KO,54.62,363,buy,NYSE
tx_0000038,2025-06-15 09:35:27,WMT,141.92,203,buy,NYSE
tx_0004860,2025-06-15 09:35:32,MSFT,299.86,701,buy,NASDAQ
tx_0005728,2025-06-15 09:35:36,JNJ,169.39,907,sell,NYSE
tx_0004418,2025-06-15 09:35:37,ADBE,603.54,271,sell,NASDAQ
tx_0003194,2025-06-15 09:35:37,DIS,180.29,945,buy,NYSE
tx_0007283,2025-06-15 09:35:38,DIS,179.04,171,sell,NYSE
tx_0002812,2025-06-15 09:35:43,AAPL,149.5,238,buy,NASDAQ
tx_0009566,2025-06-15 09:35:43,FB,329.68,231,sell,NASDAQ
tx_0009226,2025-06-15 09:35:44,PEP,149.17,324,sell,NYSE
tx_0005363,2025-06-15 09:35:46,NVDA,198.76,610,buy,NASDAQ
tx_0007227,2025-06-15 09:35:47,KO,54.39,665,buy,NYSE
tx_0006879,2025-06-15 09:35:54,PEP,149.35,207,buy,NYSE
tx_0003289,2025-06-15 09:35:57,MCD,254.39,695,sell,NYSE
tx_0008905,2025-06-15 09:35:57,DIS,179.68,175,buy,NYSE
tx_0001739,2025-06-15 09:36:03,PEP,148.62,473,sell,NYSE
tx_0008215,2025-06-15 09:36:05,PG,140.38,572,buy,NYSE
tx_0004245,2025-06-15 09:36:07,JNJ,168.56,779,buy,NYSE
tx_0007944,2025-06-15 09:36:08,MCD,253.83,321,sell,NYSE
tx_0009447,2025-06-15 09:36:09,BRK.B,279.9,211,sell,NYSE
tx_0003756,2025-06-15 09:36:09,KO,54.26,481,sell,NYSE
tx_0004599,2025-06-15 09:36:10,PEP,147.4,327,sell,NYSE
tx_0000124,2025-06-15 09:36:10,AAPL,150.78,178,sell,NASDAQ
tx_0006348,2025-06-15 09:36:12,BRK.B,279.02,704,buy,NYSE
tx_0006023,2025-06-15 09:36:16,PYPL,248.08,354,buy,NASDAQ
tx_0003287,2025-06-15 09:36:19,TSLA,695.15,931,sell,NASDAQ
tx_0005216,2025-06-15 09:36:21,ADBE,596.71,380,buy,NASDAQ
tx_0001429,2025-06-15 09:36:24,PYPL,248.97,209,sell,NASDAQ
tx_0001826,2025-06-15 09:36:27,KO,54.23,100,buy,NYSE
tx_0000828,2025-06-15 09:36:27,BRK.B,279.77,329,sell,NYSE
tx_0001215,2025-06-15 09:36:28,ADBE,601.35,320,buy,NASDAQ
tx_0005287,2025-06-15 09:36:36,MSFT,301.66,439,sell,NASDAQ
tx_0004928,2025-06-15 09:36:40,MCD,250.47,522,sell,NYSE
tx_0007220,2025-06-15 09:36:42,MCD,254.21,728,buy,NYSE
tx_0000747,2025-06-15 09:36:42,MA,349.62,142,sell,NYSE
tx_0003584,2025-06-15 09:36:43,MSFT,301.39,927,buy,NASDAQ
tx_0005944,2025-06-15 09:36:45,DIS,180.47,843,sell,NYSE
tx_0008321,2025-06-15 09:36:45,MA,353.74,580,sell,NYSE
tx_0002652,2025-06-15 09:36:45,TSLA,696.82,277,sell,NASDAQ
tx_0004084,2025-06-15 09:36:48,BRK.B,278.42,948,buy,NYSE
tx_0000876,2025-06-15 09:36:48,MA,350.41,612,buy,NYSE
tx_0009281,2025-06-15 09:36:53,AMZN,3487.96,390,buy,NASDAQ
tx_0002366,2025-06-15 09:36:54,PYPL,247.07,928,buy,NASDAQ
tx_0008257,2025-06-15 09:36:54,MCD,252.08,432,buy,NYSE
tx_0000230,2025-06-15 09:36:55,AAPL,149.46,163,sell,NASDAQ
tx_0004467,2025-06-15 09:36:56,NVDA,203.1,953,buy,NASDAQ
tx_0009278,2025-06-15 09:36:58,PG,138.64,894,buy,NYSE
tx_0006266,2025-06-15 09:37:04,MCD,251.33,546,buy,NYSE
tx_0004500,2025-06-15 09:37:06,TSLA,699.94,582,sell,NASDAQ
tx_0002045,2025-06-15 09:37:08,AAPL,148.73,838,buy,NASDAQ
tx_0009883,2025-06-15 09:37:08,ADBE,598.85,531,sell,NASDAQ
tx_0008555,2025-06-15 09:37:10,NVDA,200.85,259,sell,NASDAQ
tx_0007515,2025-06-15 09:37:11,WMT,141.22,935,sell,NYSE
tx_0001628,2025-06-15 09:37:12,WMT,141.95,960,buy,NYSE
tx_0007255,2025-06-15 09:37:20,NFLX,509.51,661,buy,NASDAQ
tx_0003877,2025-06-15 09:37:25,NVDA,200.3,967,buy,NASDAQ
tx_0008528,2025-06-15 09:37:27,PEP,148.75,988,buy,NYSE
tx_0008876,2025-06-15 09:37:27,PEP,148.51,466,sell,NYSE
tx_0006985,2025-06-15 09:37:28,V,215.12,371,sell,NYSE
tx_0009076,2025-06-15 09:37:28,DIS,178.56,676,buy,NYSE
tx_0001016,2025-06-15 09:37:30,MA,351.53,804,buy,NYSE
tx_0009387,2025-06-15 09:37:32,PEP,149.13,955,sell,NYSE
tx_0008573,2025-06-15 09:37:37,ADBE,603.41,137,buy,NASDAQ
tx_0003796,2025-06-15 09:37:38,MSFT,298.81,995,sell,NASDAQ
tx_0000529,2025-06-15 09:37:39,AMZN,3469.64,221,sell,NASDAQ
tx_0005856,2025-06-15 09:37:40,NVDA,203.39,492,buy,NASDAQ
tx_0005677,2025-06-15 09:37:45,JNJ,168.46,188,sell,NYSE
tx_0004475,2025-06-15 09:37:49,V,215.34,734,sell,NYSE
tx_0005748,2025-06-15 09:37:56,JNJ,168.59,879,sell,NYSE
tx_0007501,2025-06-15 09:37:57,DIS,178.72,463,sell,NYSE
tx_0001759,2025-06-15 09:37:57,PYPL,243.94,538,sell,NASDAQ
tx_0001290,2025-06-15 09:38:00,AMZN,3487.47,347,buy,NASDAQ
tx_0003322,2025-06-15 09:38:02,KO,54.52,369,buy,NYSE
tx_0002076,2025-06-15 09:38:08,WMT,141.81,966,buy,NYSE
tx_0002182,2025-06-15 09:38:12,TSLA,705.24,465,sell,NASDAQ
tx_0004920,2025-06-15 09:38:17,WMT,143.37,273,sell,NYSE
tx_0008172,2025-06-15 09:38:18,PEP,150.7,101,sell,NYSE
tx_0007321,2025-06-15 09:38:19,BRK.B,274.76,501,buy,NYSE
tx_0002035,2025-06-15 09:38:21,NFLX,500.68,546,buy,NASDAQ
tx_0006804,2025-06-15 09:38:22,PG,139.85,969,buy,NYSE
tx_0002591,2025-06-15 09:38:23,NVDA,201.7,893,buy,NASDAQ
tx_0009867,2025-06-15 09:38:23,PYPL,248.37,160,buy,NASDAQ
tx_0008763,2025-06-15 09:38:24,BRK.B,278.1,974,sell,NYSE
tx_0002096,2025-06-15 09:38:27,PYPL,248.53,602,sell,NASDAQ
tx_0002716,2025-06-15 09:38:27,DIS,180.91,469,sell,NYSE
tx_0007497,2025-06-15 09:38:28,PYPL,244.18,611,sell,NASDAQ
tx_0005093,2025-06-15 09:38:30,NVDA,203.41,494,sell,NASDAQ
tx_0000283,2025-06-15 09:38:31,GOOGL,2810.04,383,buy,NASDAQ
tx_0002495,2025-06-15 09:38:31,MSFT,299.65,205,buy,NASDAQ
tx_0000969,2025-06-15 09:38:31,WMT,142.77,822,buy,NYSE
tx_0004600,2025-06-15 09:38:35,FB,326.47,108,sell,NASDAQ
tx_0009146,2025-06-15 09:38:40,JNJ,170.5,174,buy,NYSE
tx_0004503,2025-06-15 09:38:42,MSFT,301.24,889,sell,NASDAQ
tx_0002406,2025-06-15 09:38:42,AAPL,150.63,433,buy,NASDAQ
tx_0007437,2025-06-15 09:38:45,PYPL,245.52,299,buy,NASDAQ
tx_0001254,2025-06-15 09:38:50,MA,348.96,398,sell,NYSE
tx_0006715,2025-06-15 09:38:54,NFLX,508.01,117,sell,NASDAQ
tx_0002820,2025-06-15 09:38:55,NVDA,201.17,588,sell,NASDAQ
tx_0005311,2025-06-15 09:38:56,BRK.B,280.18,471,buy,NYSE
tx_0002739,2025-06-15 09:39:01,DIS,182.25,172,sell,NYSE
tx_0009052,2025-06-15 09:39:04,MCD,250.41,969,buy,NYSE
tx_0001414,2025-06-15 09:39:07,FB,330.58,924,sell,NASDAQ
tx_0004105,2025-06-15 09:39:12,MA,353.37,928,buy,NYSE
tx_0007919,2025-06-15 09:39:12,FB,330.22,966,sell,NASDAQ
tx_0009326,2025-06-15 09:39:13,AAPL,148.73,433,sell,NASDAQ
tx_0000180,2025-06-15 09:39:22,V,217.2,754,sell,NYSE
tx_0000737,2025-06-15 09:39:22,NFLX,499.25,527,buy,NASDAQ
tx_0002788,2025-06-15 09:39:24,TSLA,701.96,937,sell,NASDAQ
tx_0009071,2025-06-15 09:39:25,GOOGL,2812.32,490,sell,NASDAQ
tx_0008217,2025-06-15 09:39:26,ADBE,594.19,168,buy,NASDAQ
tx_0009131,2025-06-15 09:39:29,FB,327.37,191,buy,NASDAQ
tx_0008432,2025-06-15 09:39:30,BRK.B,279.12,447,sell,NYSE
tx_0005950,2025-06-15 09:39:33,NVDA,203.89,780,sell,NASDAQ
tx_0008443,2025-06-15 09:39:33,DIS,182.63,449,sell,NYSE
tx_0004768,2025-06-15 09:39:33,PEP,146.94,397,buy,NYSE
tx_0000940,2025-06-15 09:39:34,PYPL,245.72,851,sell,NASDAQ
tx_0003469,2025-06-15 09:39:36,JNJ,169.92,417,sell,NYSE
tx_0005935,2025-06-15 09:39:40,NVDA,200.9,739,sell,NASDAQ
tx_0003517,2025-06-15 09:39:43,AMZN,3541.64,759,sell,NASDAQ
tx_0000813,2025-06-15 09:39:44,GOOGL,2786.01,966,sell,NASDAQ
tx_0003669,2025-06-15 09:39:45,KO,54.14,649,sell,NYSE
tx_0000790,2025-06-15 09:39:45,KO,54.1,413,buy,NYSE
tx_0002590,2025-06-15 09:39:50,WMT,142.29,565,buy,NYSE
tx_0004552,2025-06-15 09:39:51,TSLA,698.8,485,sell,NASDAQ
tx_0007226,2025-06-15 09:39:56,ADBE,595.55,447,sell,NASDAQ
tx_0008052,2025-06-15 09:39:59,AAPL,152.33,428,sell,NASDAQ
tx_0004625,2025-06-15 09:40:02,PG,141.46,369,sell,NYSE
tx_0005521,2025-06-15 09:40:05,JNJ,168.31,106,buy,NYSE
tx_0000287,2025-06-15 09:40:06,NFLX,506.3,231,buy,NASDAQ
tx_0003634,2025-06-15 09:40:07,TSLA,,885,sell,NASDAQ
tx_0005953,2025-06-15 09:40:10,AAPL,151.48,1000,buy,NASDAQ
tx_0001568,2025-06-15 09:40:15,BRK.B,277.0,720,buy,NYSE
tx_0009201,2025-06-15 09:40:16,KO,54.44,478,sell,NYSE
tx_0009523,2025-06-15 09:40:18,GOOGL,2826.5,206,sell,NASDAQ
tx_0007692,2025-06-15 09:40:23,ADBE,602.56,631,sell,NASDAQ
tx_0000491,2025-06-15 09:40:24,MCD,252.66,444,sell,NYSE
tx_0003861,2025-06-15 09:40:26,AAPL,152.25,592,sell,NASDAQ
tx_0001343,2025-06-15 09:40:30,NVDA,202.6,640,buy,NASDAQ
tx_0004948,2025-06-15 09:40:31,DIS,181.93,450,sell,NYSE
tx_0001007,2025-06-15 09:40:31,KO,54.29,309,buy,NYSE
tx_0005261,2025-06-15 09:40:32,BRK.B,278.8,666,buy,NYSE
tx_0001262,2025-06-15 09:40:36,V,217.69,201,sell,NYSE
tx_0006891,2025-06-15 09:40:43,JNJ,170.08,951,sell,
tx_0006676,2025-06-15 09:40:47,V,220.6,953,sell,NYSE
tx_0008034,2025-06-15 09:40:47,NVDA,203.4,265,buy,NASDAQ
tx_0007273,2025-06-15 09:40:48,WMT,141.28,229,buy,NYSE
tx_0007311,2025-06-15 09:40:49,PYPL,243.97,645,sell,NASDAQ
tx_0006576,2025-06-15 09:40:51,FB,326.44,621,buy,NASDAQ
tx_0001261,2025-06-15 09:40:52,TSLA,700.33,949,buy,NASDAQ
tx_0009910,2025-06-15 09:40:52,TSLA,697.99,643,buy,NASDAQ
tx_0000279,2025-06-15 09:40:52,WMT,141.41,350,sell,NYSE
tx_0000198,2025-06-15 09:40:55,PG,140.97,280,sell,NYSE
tx_0003475,2025-06-15 09:40:56,NVDA,202.99,588,sell,NASDAQ
tx_0001777,2025-06-15 09:40:58,BRK.B,281.03,218,,NYSE
tx_0003008,2025-06-15 09:40:59,NFLX,502.76,556,buy,NASDAQ
tx_0007550,2025-06-15 09:41:04,FB,330.68,473,buy,NASDAQ
tx_0006199,2025-06-15 09:41:06,ADBE,601.15,729,sell,NASDAQ
tx_0008010,2025-06-15 09:41:07,BRK.B,278.14,919,sell,NYSE
tx_0003629,2025-06-15 09:41:10,AAPL,151.45,965,sell,NASDAQ
tx_0004648,2025-06-15 09:41:10,NFLX,506.4,857,buy,
tx_0007279,2025-06-15 09:41:11,BRK.B,277.39,588,sell,NYSE
tx_0001340,2025-06-15 09:41:12,MA,349.59,621,sell,NYSE
tx_0003032,2025-06-15 09:41:12,GOOGL,2771.3,518,sell,NASDAQ
tx_0002352,2025-06-15 09:41:16,AAPL,149.39,964,sell,NASDAQ
tx_0006583,2025-06-15 09:41:17,AMZN,3487.64,971,sell,NASDAQ
tx_0005509,2025-06-15 09:41:18,PEP,149.33,102,sell,NYSE
tx_0000376,2025-06-15 09:41:18,V,217.03,159,buy,NYSE
tx_0002506,2025-06-15 09:41:21,MSFT,296.75,228,buy,NASDAQ
tx_0007464,2025-06-15 09:41:23,MCD,248.33,237,buy,NYSE
tx_0004850,2025-06-15 09:41:23,FB,329.2,256,buy,NASDAQ
tx_0005024,2025-06-15 09:41:28,GOOGL,2785.91,575,sell,NASDAQ
tx_0002530,2025-06-15 09:41:33,GOOGL,2818.63,685,sell,NASDAQ
tx_0003122,2025-06-15 09:41:37,WMT,143.78,798,buy,NYSE
tx_0007798,2025-06-15 09:41:37,WMT,142.73,892,sell,NYSE
tx_0009944,2025-06-15 09:41:38,TSLA,698.23,305,buy,NASDAQ
tx_0002677,2025-06-15 09:41:39,V,220.39,683,sell,NYSE
tx_0007555,2025-06-15 09:41:41,V,217.78,967,buy,NYSE
tx_0002438,2025-06-15 09:41:42,GOOGL,,848,buy,NASDAQ
tx_0007755,2025-06-15 09:41:43,AAPL,151.16,763,buy,NASDAQ
tx_0005963,2025-06-15 09:41:43,KO,54.5,744,buy,NYSE
tx_0004760,2025-06-15 09:41:44,WMT,143.35,882,buy,NYSE
tx_0009354,2025-06-15 09:41:48,TSLA,708.42,630,sell,NASDAQ
tx_0007936,2025-06-15 09:41:50,MA,352.7,801,sell,NYSE
tx_0007392,2025-06-15 09:41:51,AMZN,3492.4,930,sell,NASDAQ
tx_0002212,2025-06-15 09:41:53,MA,350.87,367,buy,NYSE
tx_0000682,2025-06-15 09:41:55,MCD,247.21,134,sell,NYSE
tx_0001677,2025-06-15 09:42:00,DIS,179.7,593,sell,NYSE
tx_0000994,2025-06-15 09:42:04,MA,345.94,156,buy,NYSE
tx_0005851,2025-06-15 09:42:04,PG,139.59,299,sell,NYSE
tx_0009165,2025-06-15 09:42:06,V,219.85,931,sell,NYSE
tx_0006881,2025-06-15 09:42:06,NVDA,203.05,312,buy,NASDAQ
tx_0004479,2025-06-15 09:42:06,MSFT,298.67,239,sell,NASDAQ
tx_0008487,2025-06-15 09:42:07,V,219.96,351,buy,NYSE
tx_0001681,2025-06-15 09:42:07,AAPL,151.3,234,buy,NASDAQ
tx_0002120,2025-06-15 09:42:11,AMZN,3511.13,872,sell,NASDAQ
tx_0007082,2025-06-15 09:42:17,NFLX,500.76,565,sell,NASDAQ
tx_0009625,2025-06-15 09:42:19,JNJ,168.79,941,buy,NYSE
tx_0001350,2025-06-15 09:42:21,WMT,142.36,787,buy,NYSE
tx_0002789,2025-06-15 09:42:22,MA,348.58,450,,NYSE
tx_0000164,2025-06-15 09:42:27,PEP,147.53,914,sell,NYSE
tx_0001269,2025-06-15 09:42:27,JNJ,167.19,822,,NYSE
tx_0008489,2025-06-15 09:42:30,NFLX,499.18,360,sell,NASDAQ
tx_0009543,2025-06-15 09:42:30,MCD,247.14,894,sell,
tx_0005828,2025-06-15 09:42:31,DIS,179.96,520,sell,NYSE
tx_0001299,2025-06-15 09:42:31,GOOGL,2782.66,418,sell,NASDAQ
tx_0005865,2025-06-15 09:42:32,ADBE,596.12,509,buy,NASDAQ
tx_0003102,2025-06-15 09:42:33,WMT,141.79,447,sell,NYSE
tx_0005241,2025-06-15 09:42:36,DIS,182.05,438,buy,NYSE
tx_0009454,2025-06-15 09:42:37,BRK.B,278.67,806,buy,NYSE
tx_0006455,2025-06-15 09:42:38,AAPL,151.25,594,buy,NASDAQ
tx_0001148,2025-06-15 09:42:39,FB,328.62,771,buy,NASDAQ
tx_0003498,2025-06-15 09:42:40,V,219.56,144,buy,NYSE
tx_0000173,2025-06-15 09:42:40,BRK.B,278.63,380,buy,NYSE
tx_0006944,2025-06-15 09:42:42,PYPL,246.31,406,sell,NASDAQ
tx_0008694,2025-06-15 09:42:44,MA,346.52,949,sell,NYSE
tx_0003099,2025-06-15 09:42:48,PYPL,243.82,761,sell,NASDAQ
tx_0007386,2025-06-15 09:42:49,ADBE,598.35,933,buy,NASDAQ
tx_0003994,2025-06-15 09:42:49,KO,55.26,536,sell,NYSE
tx_0009966,2025-06-15 09:42:52,FB,330.86,399,sell,NASDAQ
tx_0001120,2025-06-15 09:42:54,MSFT,300.52,160,sell,NASDAQ
tx_0001954,2025-06-15 09:42:57,TSLA,699.2,403,buy,NASDAQ
tx_0009988,2025-06-15 09:43:03,WMT,140.38,666,sell,NYSE
tx_0003128,2025-06-15 09:43:03,MCD,250.25,123,buy,NYSE
tx_0001274,2025-06-15 09:43:05,NFLX,502.19,176,sell,NASDAQ
tx_0003189,2025-06-15 09:43:06,ADBE,604.33,282,buy,NASDAQ
tx_0009508,2025-06-15 09:43:07,ADBE,603.95,551,sell,NASDAQ
tx_0001470,2025-06-15 09:43:15,PEP,148.67,632,buy,NYSE
tx_0006888,2025-06-15 09:43:18,NFLX,497.93,425,buy,NASDAQ
tx_0004103,2025-06-15 09:43:20,MA,348.0,917,buy,NYSE
tx_0002745,2025-06-15 09:43:23,MSFT,302.87,966,sell,NASDAQ
tx_0006692,2025-06-15 09:43:24,AAPL,151.18,601,sell,NASDAQ
tx_0007079,2025-06-15 09:43:25,WMT,140.67,126,sell,NYSE
tx_0006615,2025-06-15 09:43:26,AAPL,151.58,802,buy,NASDAQ
tx_0008363,2025-06-15 09:43:26,DIS,182.12,889,sell,NYSE
tx_0005202,2025-06-15 09:43:28,PG,137.73,692,sell,NYSE
tx_0004519,2025-06-15 09:43:30,WMT,141.88,482,sell,NYSE
tx_0007846,2025-06-15 09:43:37,FB,329.86,905,buy,NASDAQ
tx_0006010,2025-06-15 09:43:37,MA,351.9,897,buy,NYSE
tx_0001024,2025-06-15 09:43:39,WMT,142.72,441,sell,NYSE
tx_0004153,2025-06-15 09:43:39,MCD,252.38,681,buy,NYSE
tx_0004508,2025-06-15 09:43:41,JNJ,169.08,114,sell,NYSE
tx_0001121,2025-06-15 09:43:46,MA,346.73,187,buy,NYSE
tx_0007694,2025-06-15 09:43:48,ADBE,603.2,482,buy,NASDAQ
tx_0005286,2025-06-15 09:43:50,FB,330.98,935,buy,NASDAQ
tx_0000977,2025-06-15 09:43:52,PYPL,243.85,284,buy,NASDAQ
tx_0001980,2025-06-15 09:43:52,PG,137.86,616,sell,NYSE
tx_0007500,2025-06-15 09:43:52,MA,348.46,233,buy,NYSE
tx_0009830,2025-06-15 09:43:53,PEP,146.52,785,sell,NYSE
tx_0002467,2025-06-15 09:43:54,KO,54.37,522,sell,NYSE
tx_0001228,2025-06-15 09:43:56,TSLA,703.25,523,buy,NASDAQ
tx_0006038,2025-06-15 09:43:56,DIS,180.9,225,buy,NYSE
tx_0005033,2025-06-15 09:44:01,JNJ,167.67,548,sell,NYSE
tx_0006548,2025-06-15 09:44:05,PEP,147.64,721,buy,NYSE
tx_0002901,2025-06-15 09:44:08,DIS,181.16,553,buy,NYSE
tx_0003792,2025-06-15 09:44:15,V,219.33,818,sell,NYSE
tx_0004914,2025-06-15 09:44:16,JNJ,170.1,828,sell,NYSE
tx_0005703,2025-06-15 09:44:20,BRK.B,279.88,230,,NYSE
tx_0006657,2025-06-15 09:44:21,MSFT,301.03,716,buy,NASDAQ
tx_0006625,2025-06-15 09:44:28,KO,54.6,263,sell,NYSE
tx_0006507,2025-06-15 09:44:28,FB,328.17,660,buy,NASDAQ
tx_0005481,2025-06-15 09:44:34,PG,138.61,762,buy,NYSE
tx_0000027,2025-06-15 09:44:34,MCD,250.56,850,buy,NYSE
tx_0009305,2025-06-15 09:44:39,FB,329.25,526,sell,NASDAQ
tx_0007280,2025-06-15 09:44:39,AMZN,3535.78,815,buy,NASDAQ
tx_0002093,2025-06-15 09:44:40,GOOGL,2787.5,418,buy,NASDAQ
tx_0004627,2025-06-15 09:44:43,MSFT,301.26,107,sell,NASDAQ
tx_0001955,2025-06-15 09:44:45,AAPL,148.96,451,buy,NASDAQ
tx_0005002,2025-06-15 09:44:48,NFLX,494.34,448,sell,NASDAQ
tx_0009183,2025-06-15 09:44:49,MA,348.37,674,buy,NYSE
tx_0000178,2025-06-15 09:44:54,MA,347.48,730,buy,NYSE
tx_0000503,2025-06-15 09:44:56,BRK.B,277.51,147,sell,NYSE
tx_0008426,2025-06-15 09:44:59,FB,328.49,543,buy,NASDAQ
tx_0001850,2025-06-15 09:45:00,GOOGL,2793.11,515,buy,NASDAQ
tx_0001937,2025-06-15 09:45:02,PG,,269,buy,NYSE
tx_0008758,2025-06-15 09:45:05,MCD,247.47,679,buy,NYSE
tx_0009212,2025-06-15 09:45:07,TSLA,702.69,845,buy,NASDAQ
tx_0008492,2025-06-15 09:45:11,JNJ,167.81,667,buy,NYSE
tx_0007857,2025-06-15 09:45:12,TSLA,710.42,739,sell,NASDAQ
tx_0008247,2025-06-15 09:45:28,PG,140.1,441,sell,NYSE
tx_0001808,2025-06-15 09:45:31,KO,54.11,169,sell,NYSE
tx_0007410,2025-06-15 09:45:32,GOOGL,2813.11,747,sell,NASDAQ
tx_0006126,2025-06-15 09:45:34,FB,331.63,146,sell,NASDAQ
tx_0001349,2025-06-15 09:45:41,JNJ,170.1,637,sell,NYSE
tx_0000898,2025-06-15 09:45:48,PYPL,243.11,363,sell,NASDAQ
tx_0007648,2025-06-15 09:45:54,AAPL,150.03,637,sell,NASDAQ
tx_0006217,2025-06-15 09:45:56,NFLX,500.3,700,sell,NASDAQ
tx_0007278,2025-06-15 09:45:56,TSLA,702.79,595,buy,
tx_0009400,2025-06-15 09:45:57,PG,139.12,835,sell,NYSE
tx_0007937,2025-06-15 09:45:57,KO,54.07,942,buy,NYSE
tx_0007237,2025-06-15 09:45:57,WMT,140.16,630,sell,NYSE
tx_0001848,2025-06-15 09:46:04,DIS,182.28,363,sell,NYSE
tx_0003885,2025-06-15 09:46:06,PEP,146.48,242,sell,NYSE
tx_0006040,2025-06-15 09:46:06,V,216.35,533,sell,NYSE
tx_0003342,2025-06-15 09:46:07,BRK.B,279.09,130,buy,NYSE
tx_0009380,2025-06-15 09:46:08,KO,54.07,270,buy,NYSE
tx_0007638,2025-06-15 09:46:14,AMZN,3519.8,538,buy,NASDAQ
tx_0000422,2025-06-15 09:46:14,PEP,145.9,418,buy,NYSE
tx_0001292,2025-06-15 09:46:16,GOOGL,2797.18,736,buy,NASDAQ
tx_0002797,2025-06-15 09:46:26,BRK.B,279.34,707,buy,NYSE
tx_0002281,2025-06-15 09:46:28,AAPL,149.31,593,,NASDAQ
tx_0009956,2025-06-15 09:46:29,KO,54.33,508,sell,NYSE
tx_0001341,2025-06-15 09:46:33,PEP,145.85,760,buy,NYSE
tx_0000493,2025-06-15 09:46:34,PG,139.48,105,sell,NYSE
tx_0008816,2025-06-15 09:46:36,JNJ,169.41,564,sell,NYSE
tx_0001998,2025-06-15 09:46:36,MSFT,295.37,863,buy,NASDAQ
tx_0003729,2025-06-15 09:46:41,NFLX,493.94,579,buy,NASDAQ
tx_0004003,2025-06-15 09:46:41,KO,54.27,168,buy,NYSE
tx_0002039,2025-06-15 09:46:43,BRK.B,277.8,162,buy,NYSE
tx_0005315,2025-06-15 09:46:46,PEP,145.53,295,sell,NYSE
tx_0009612,2025-06-15 09:46:47,AAPL,148.85,504,buy,NASDAQ
tx_0001332,2025-06-15 09:46:47,PYPL,240.23,731,sell,NASDAQ
tx_0004684,2025-06-15 09:46:53,MCD,252.26,882,buy,NYSE
tx_0008498,2025-06-15 09:46:58,JNJ,167.97,171,buy,NYSE
tx_0006842,2025-06-15 09:46:59,KO,54.16,536,buy,NYSE
tx_0001212,2025-06-15 09:47:00,NFLX,499.62,827,sell,NASDAQ
tx_0009313,2025-06-15 09:47:01,MCD,249.94,946,sell,NYSE
tx_0002744,2025-06-15 09:47:05,PG,141.22,604,sell,NYSE
tx_0007624,2025-06-15 09:47:07,MSFT,297.99,596,sell,NASDAQ
tx_0005132,2025-06-15 09:47:09,JNJ,169.76,121,sell,NYSE
tx_0002860,2025-06-15 09:47:09,NFLX,497.53,323,sell,NASDAQ
tx_0001948,2025-06-15 09:47:12,MCD,249.88,891,buy,NYSE
tx_0000359,2025-06-15 09:47:12,TSLA,701.32,796,sell,NASDAQ
tx_0000254,2025-06-15 09:47:13,PYPL,242.06,260,sell,NASDAQ
tx_0002239,2025-06-15 09:47:19,MCD,251.35,319,sell,NYSE
tx_0004150,2025-06-15 09:47:26,JNJ,168.15,315,buy,NYSE
tx_0004409,2025-06-15 09:47:26,PG,138.83,659,buy,NYSE
tx_0006775,2025-06-15 09:47:30,GOOGL,2803.51,131,sell,NASDAQ
tx_0005691,2025-06-15 09:47:37,MA,350.13,438,sell,NYSE
tx_0000010,2025-06-15 09:47:37,KO,53.91,276,sell,NYSE
tx_0009658,2025-06-15 09:47:43,PYPL,241.79,527,buy,NASDAQ
tx_0007675,2025-06-15 09:47:44,AAPL,148.86,892,sell,NASDAQ
tx_0003599,2025-06-15 09:47:44,BRK.B,278.73,831,sell,NYSE
tx_0002286,2025-06-15 09:47:51,MCD,251.69,296,buy,NYSE
tx_0001146,2025-06-15 09:47:55,PG,139.41,396,buy,NYSE
tx_0001548,2025-06-15 09:47:56,PG,139.03,935,sell,NYSE
tx_0009540,2025-06-15 09:47:57,GOOGL,2824.93,665,sell,NASDAQ
tx_0007714,2025-06-15 09:47:59,V,215.13,459,sell,NYSE
tx_0006385,2025-06-15 09:48:00,V,217.96,141,buy,NYSE
tx_0003509,2025-06-15 09:48:00,WMT,140.73,804,buy,NYSE
tx_0000182,2025-06-15 09:48:02,PG,140.02,436,buy,NYSE
tx_0006435,2025-06-15 09:48:04,MCD,251.04,164,sell,NYSE
tx_0004530,2025-06-15 09:48:07,FB,333.76,639,sell,NASDAQ
tx_0005812,2025-06-15 09:48:07,TSLA,708.24,145,sell,NASDAQ
tx_0004773,2025-06-15 09:48:07,KO,54.56,296,buy,NYSE
tx_0007366,2025-06-15 09:48:08,KO,54.67,122,sell,NYSE
tx_0002771,2025-06-15 09:48:10,JNJ,167.98,675,sell,NYSE
tx_0001835,2025-06-15 09:48:13,JNJ,170.04,908,sell,NYSE
tx_0005105,2025-06-15 09:48:20,MSFT,297.49,451,buy,NASDAQ
tx_0008158,2025-06-15 09:48:21,GOOGL,2788.73,114,buy,NASDAQ
tx_0003203,2025-06-15 09:48:21,PYPL,243.42,622,sell,NASDAQ
tx_0000209,2025-06-15 09:48:23,NVDA,203.75,345,sell,NASDAQ
tx_0004937,2025-06-15 09:48:25,PYPL,241.02,508,sell,NASDAQ
tx_0002436,2025-06-15 09:48:26,FB,328.62,864,buy,NASDAQ
tx_0004137,2025-06-15 09:48:28,BRK.B,280.24,310,sell,NYSE
tx_0005099,2025-06-15 09:48:29,AMZN,3525.63,843,buy,NASDAQ
tx_0005520,2025-06-15 09:48:32,FB,327.71,655,sell,NASDAQ
tx_0003939,2025-06-15 09:48:33,ADBE,612.66,882,sell,NASDAQ
tx_0005030,2025-06-15 09:48:34,NFLX,497.94,723,sell,NASDAQ
tx_0006628,2025-06-15 09:48:34,MA,349.13,935,sell,NYSE
tx_0007036,2025-06-15 09:48:34,NFLX,497.44,354,sell,NASDAQ
tx_0001888,2025-06-15 09:48:35,AAPL,148.83,607,sell,NASDAQ
tx_0009229,2025-06-15 09:48:36,V,216.66,160,buy,NYSE
tx_0006103,2025-06-15 09:48:37,V,215.46,351,sell,NYSE
tx_0000847,2025-06-15 09:48:38,V,217.38,636,sell,NYSE
tx_0001944,2025-06-15 09:48:39,KO,54.06,990,sell,NYSE
tx_0000666,2025-06-15 09:48:39,PG,139.6,657,sell,NYSE
tx_0006682,2025-06-15 09:48:45,KO,54.56,163,buy,NYSE
tx_0007658,2025-06-15 09:48:52,PG,141.52,960,sell,NYSE
tx_0005642,2025-06-15 09:48:54,NFLX,497.19,216,buy,NASDAQ
tx_0004580,2025-06-15 09:48:56,GOOGL,2826.79,903,buy,NASDAQ
tx_0001485,2025-06-15 09:49:16,DIS,182.63,674,buy,NYSE
tx_0001143,2025-06-15 09:49:16,KO,54.53,175,buy,NYSE
tx_0007201,2025-06-15 09:49:17,ADBE,616.33,563,sell,NASDAQ
tx_0001141,2025-06-15 09:49:19,TSLA,699.0,714,sell,NASDAQ
tx_0008364,2025-06-15 09:49:21,KO,54.52,611,buy,NYSE
tx_0002231,2025-06-15 09:49:24,NFLX,496.4,539,sell,NASDAQ
tx_0008380,2025-06-15 09:49:31,PYPL,240.28,512,sell,NASDAQ
tx_0004330,2025-06-15 09:49:34,MSFT,299.73,783,sell,NASDAQ
tx_0006146,2025-06-15 09:49:35,GOOGL,2844.31,137,buy,NASDAQ
tx_0008563,2025-06-15 09:49:37,AMZN,3495.28,539,sell,NASDAQ
tx_0007877,2025-06-15 09:49:39,BRK.B,284.14,942,sell,NYSE
tx_0001879,2025-06-15 09:49:40,ADBE,615.31,909,buy,NASDAQ
tx_0000399,2025-06-15 09:49:41,WMT,142.17,344,buy,NYSE
tx_0007584,2025-06-15 09:49:43,JNJ,168.91,437,buy,NYSE
tx_0006293,2025-06-15 09:49:47,DIS,181.73,115,sell,NYSE
tx_0004594,2025-06-15 09:49:48,NFLX,493.07,168,sell,NASDAQ
tx_0004990,2025-06-15 09:49:52,PYPL,240.01,870,buy,NASDAQ
tx_0002566,2025-06-15 09:49:53,MA,344.22,920,sell,NYSE
tx_0002681,2025-06-15 09:49:56,FB,328.37,410,sell,NASDAQ
tx_0004164,2025-06-15 09:49:59,AMZN,3508.36,690,buy,NASDAQ
tx_0009160,2025-06-15 09:50:01,NVDA,200.03,534,buy,NASDAQ
tx_0009934,2025-06-15 09:50:02,V,215.61,448,sell,NYSE
tx_0001797,2025-06-15 09:50:06,PYPL,243.9,906,buy,NASDAQ
tx_0000870,2025-06-15 09:50:07,MSFT,297.18,495,buy,NASDAQ
tx_0002526,2025-06-15 09:50:07,V,216.21,550,sell,NYSE
tx_0002046,2025-06-15 09:50:07,JNJ,170.38,410,buy,NYSE
tx_0003185,2025-06-15 09:50:09,BRK.B,283.74,462,buy,NYSE
tx_0002659,2025-06-15 09:50:16,V,214.63,886,buy,NYSE
tx_0004767,2025-06-15 09:50:19,PYPL,244.09,880,sell,NASDAQ
tx_0008853,2025-06-15 09:50:24,NVDA,201.17,373,sell,NASDAQ
tx_0007917,2025-06-15 09:50:28,TSLA,712.51,211,sell,NASDAQ
tx_0002091,2025-06-15 09:50:29,PYPL,239.56,833,buy,NASDAQ
tx_0008494,2025-06-15 09:50:31,V,218.07,754,sell,NYSE
tx_0002977,2025-06-15 09:50:32,PYPL,,809,buy,NASDAQ
tx_0003134,2025-06-15 09:50:35,NFLX,494.05,690,buy,NASDAQ
tx_0000377,2025-06-15 09:50:39,PEP,145.27,417,sell,NYSE
tx_0009924,2025-06-15 09:50:41,JNJ,168.03,637,sell,NYSE
tx_0006225,2025-06-15 09:50:41,NVDA,201.64,995,sell,NASDAQ
tx_0009827,2025-06-15 09:50:46,PEP,147.02,627,buy,NYSE
tx_0003941,2025-06-15 09:50:48,TSLA,707.4,257,buy,NASDAQ
tx_0000201,2025-06-15 09:50:49,DIS,181.69,738,buy,NYSE
tx_0004924,2025-06-15 09:50:50,PYPL,239.84,635,buy,NASDAQ
tx_0001394,2025-06-15 09:51:00,MCD,250.42,441,sell,NYSE
tx_0004757,2025-06-15 09:51:01,MCD,248.83,933,buy,NYSE
tx_0001721,2025-06-15 09:51:01,WMT,142.29,243,sell,NYSE
tx_0005810,2025-06-15 09:51:04,PEP,146.84,313,buy,NYSE
tx_0008298,2025-06-15 09:51:05,TSLA,710.75,626,sell,NASDAQ
tx_0006138,2025-06-15 09:51:06,NVDA,201.34,896,sell,NASDAQ
tx_0009789,2025-06-15 09:51:06,PG,140.49,919,sell,NYSE
tx_0006415,2025-06-15 09:51:07,AAPL,148.15,436,buy,NASDAQ
tx_0007585,2025-06-15 09:51:11,AAPL,148.04,457,buy,NASDAQ
tx_0002702,2025-06-15 09:51:12,MA,349.15,915,buy,NYSE
tx_0008933,2025-06-15 09:51:15,AMZN,3528.28,535,sell,NASDAQ
tx_0006333,2025-06-15 09:51:18,MCD,250.75,893,buy,NYSE
tx_0004776,2025-06-15 09:51:18,ADBE,612.53,130,buy,NASDAQ
tx_0003822,2025-06-15 09:51:21,TSLA,701.13,166,sell,NASDAQ
tx_0003708,2025-06-15 09:51:23,TSLA,707.57,550,buy,NASDAQ
tx_0002536,2025-06-15 09:51:24,MCD,247.8,750,buy,NYSE
tx_0001518,2025-06-15 09:51:26,NVDA,200.15,263,sell,NASDAQ
tx_0000248,2025-06-15 09:51:29,PG,139.27,720,buy,NYSE
tx_0009521,2025-06-15 09:51:32,PEP,146.24,329,sell,NYSE
tx_0003625,2025-06-15 09:51:32,V,217.86,104,buy,NYSE
tx_0008923,2025-06-15 09:51:36,V,217.52,914,buy,NYSE
tx_0009787,2025-06-15 09:51:40,MSFT,298.5,111,buy,NASDAQ
tx_0003573,2025-06-15 09:51:40,FB,329.84,968,buy,NASDAQ
tx_0000916,2025-06-15 09:51:43,NVDA,201.95,565,sell,NASDAQ
tx_0002351,2025-06-15 09:51:43,WMT,142.43,152,sell,NYSE
tx_0002204,2025-06-15 09:51:45,NVDA,199.16,679,sell,NASDAQ
tx_0005127,2025-06-15 09:51:47,KO,53.9,146,buy,NYSE
tx_0004499,2025-06-15 09:51:53,PEP,147.05,544,sell,NYSE
tx_0000730,2025-06-15 09:51:54,V,214.63,811,,NYSE
tx_0000295,2025-06-15 09:51:55,AAPL,148.96,310,buy,NASDAQ
tx_0005731,2025-06-15 09:51:55,NFLX,493.38,611,buy,NASDAQ
tx_0000075,2025-06-15 09:51:57,TSLA,707.35,706,sell,NASDAQ
tx_0008282,2025-06-15 09:51:57,NFLX,496.32,346,sell,NASDAQ
tx_0003209,2025-06-15 09:51:57,PG,139.68,442,buy,NYSE
tx_0008771,2025-06-15 09:51:58,TSLA,710.38,649,sell,NASDAQ
tx_0001775,2025-06-15 09:52:00,AMZN,3502.49,768,sell,NASDAQ
tx_0007101,2025-06-15 09:52:07,KO,53.46,513,sell,NYSE
tx_0008169,2025-06-15 09:52:12,NFLX,501.2,757,sell,NASDAQ
tx_0004160,2025-06-15 09:52:14,GOOGL,2849.14,311,buy,NASDAQ
tx_0006433,2025-06-15 09:52:15,V,217.97,871,buy,NYSE
tx_0002267,2025-06-15 09:52:16,NFLX,497.21,713,buy,NASDAQ
tx_0005491,2025-06-15 09:52:16,KO,54.1,154,sell,NYSE
tx_0003345,2025-06-15 09:52:18,MA,345.11,251,sell,NYSE
tx_0002476,2025-06-15 09:52:23,FB,333.49,332,buy,NASDAQ
tx_0009230,2025-06-15 09:52:29,FB,332.38,807,buy,NASDAQ
tx_0000333,2025-06-15 09:52:29,KO,53.63,593,buy,NYSE
tx_0008551,2025-06-15 09:52:29,PG,140.63,188,sell,NYSE
tx_0003172,2025-06-15 09:52:30,AMZN,3520.56,448,sell,NASDAQ
tx_0000462,2025-06-15 09:52:30,BRK.B,283.17,958,buy,NYSE
tx_0008592,2025-06-15 09:52:32,PG,139.52,312,sell,NYSE
tx_0003971,2025-06-15 09:52:35,JNJ,167.78,201,buy,NYSE
tx_0001620,2025-06-15 09:52:36,AMZN,3551.89,919,buy,NASDAQ
tx_0009588,2025-06-15 09:52:37,JNJ,169.25,120,buy,NYSE
tx_0009115,2025-06-15 09:52:39,AMZN,3549.29,914,buy,NASDAQ
tx_0001772,2025-06-15 09:52:40,DIS,181.27,183,buy,NYSE
tx_0006280,2025-06-15 09:52:43,V,218.43,161,sell,NYSE
tx_0008745,2025-06-15 09:52:45,PYPL,243.78,105,buy,NASDAQ
tx_0001555,2025-06-15 09:52:48,JNJ,170.26,499,sell,NYSE
tx_0006424,2025-06-15 09:52:49,BRK.B,282.61,481,buy,NYSE
tx_0003265,2025-06-15 09:52:49,BRK.B,280.88,760,buy,NYSE
tx_0008720,2025-06-15 09:52:52,ADBE,610.65,198,buy,NASDAQ
tx_0002342,2025-06-15 09:52:55,MCD,,921,sell,NYSE
tx_0004662,2025-06-15 09:52:59,BRK.B,281.59,280,buy,NYSE
tx_0000794,2025-06-15 09:53:02,MA,344.67,797,buy,NYSE
tx_0002666,2025-06-15 09:53:05,JNJ,170.04,972,sell,NYSE
tx_0006070,2025-06-15 09:53:11,JNJ,167.79,464,buy,NYSE
tx_0001184,2025-06-15 09:53:13,KO,53.9,205,sell,NYSE
tx_0007198,2025-06-15 09:53:16,GOOGL,2834.43,735,sell,NASDAQ
tx_0006439,2025-06-15 09:53:17,V,217.0,119,sell,NYSE
tx_0009112,2025-06-15 09:53:17,V,218.74,934,buy,NYSE
tx_0000092,2025-06-15 09:53:18,NFLX,496.92,105,sell,NASDAQ
tx_0008669,2025-06-15 09:53:19,NVDA,199.85,460,sell,NASDAQ
tx_0002574,2025-06-15 09:53:24,ADBE,616.12,984,sell,NASDAQ
tx_0004993,2025-06-15 09:53:26,V,218.86,823,sell,NYSE
tx_0001324,2025-06-15 09:53:30,NFLX,501.37,790,buy,NASDAQ
tx_0004376,2025-06-15 09:53:34,MA,350.62,476,buy,NYSE
tx_0000758,2025-06-15 09:53:36,PEP,146.34,633,sell,NYSE
tx_0003562,2025-06-15 09:53:37,GOOGL,2788.67,677,sell,NASDAQ
tx_0006782,2025-06-15 09:53:39,MSFT,297.98,653,buy,NASDAQ
tx_0004638,2025-06-15 09:53:41,FB,335.49,619,buy,NASDAQ
tx_0004184,2025-06-15 09:53:41,DIS,180.41,879,sell,NYSE
tx_0000069,2025-06-15 09:53:45,KO,54.2,764,buy,NYSE
tx_0009411,2025-06-15 09:53:45,PG,140.88,485,buy,NYSE
tx_0002554,2025-06-15 09:53:47,V,215.9,530,sell,NYSE
tx_0002227,2025-06-15 09:53:47,WMT,140.62,296,sell,NYSE
tx_0002549,2025-06-15 09:53:52,WMT,142.31,375,sell,
tx_0005321,2025-06-15 09:53:54,NFLX,496.31,503,buy,NASDAQ
tx_0004827,2025-06-15 09:53:56,NVDA,199.92,804,sell,NASDAQ
tx_0005271,2025-06-15 09:53:59,V,217.23,456,buy,NYSE
tx_0003916,2025-06-15 09:54:01,TSLA,708.28,785,buy,NASDAQ
tx_0008203,2025-06-15 09:54:02,AMZN,3539.76,867,sell,NASDAQ
tx_0007879,2025-06-15 09:54:03,FB,331.39,969,buy,NASDAQ
tx_0002595,2025-06-15 09:54:04,FB,331.73,786,buy,NASDAQ
tx_0009062,2025-06-15 09:54:04,AMZN,3494.47,117,buy,NASDAQ
tx_0003458,2025-06-15 09:54:07,AAPL,149.97,824,sell,NASDAQ
tx_0004027,2025-06-15 09:54:10,NFLX,500.15,143,sell,NASDAQ
tx_0005198,2025-06-15 09:54:12,FB,335.17,921,buy,NASDAQ
tx_0007274,2025-06-15 09:54:13,KO,54.43,695,sell,NYSE
tx_0004293,2025-06-15 09:54:22,KO,54.07,537,buy,NYSE
tx_0000959,2025-06-15 09:54:24,FB,334.58,422,sell,NASDAQ
tx_0004687,2025-06-15 09:54:27,ADBE,605.75,421,sell,NASDAQ
tx_0008021,2025-06-15 09:54:29,GOOGL,2789.67,531,buy,NASDAQ
tx_0008382,2025-06-15 09:54:30,MCD,250.67,861,sell,NYSE
tx_0006283,2025-06-15 09:54:35,BRK.B,283.07,856,sell,NYSE
tx_0009024,2025-06-15 09:54:37,V,219.3,408,buy,NYSE
tx_0007254,2025-06-15 09:54:39,AAPL,149.22,387,buy,NASDAQ
tx_0005582,2025-06-15 09:54:40,WMT,141.81,651,sell,NYSE
tx_0005537,2025-06-15 09:54:41,MCD,248.69,937,buy,NYSE
tx_0008335,2025-06-15 09:54:41,KO,54.52,310,sell,NYSE
tx_0006568,2025-06-15 09:54:42,PG,141.06,203,sell,NYSE
tx_0006221,2025-06-15 09:54:45,AAPL,149.78,918,sell,NASDAQ
tx_0008037,2025-06-15 09:54:45,PYPL,245.37,254,buy,NASDAQ
tx_0007949,2025-06-15 09:54:46,AAPL,149.21,379,buy,NASDAQ
tx_0000217,2025-06-15 09:54:47,NFLX,500.66,929,sell,NASDAQ
tx_0003788,2025-06-15 09:54:48,MSFT,300.73,800,sell,NASDAQ
tx_0003808,2025-06-15 09:54:49,PG,140.26,479,sell,NYSE
tx_0009649,2025-06-15 09:54:49,MCD,247.76,799,buy,NYSE
tx_0006122,2025-06-15 09:54:50,MA,346.46,203,buy,NYSE
tx_0009749,2025-06-15 09:54:50,PEP,147.12,421,sell,NYSE
tx_0001106,2025-06-15 09:54:59,JNJ,169.14,805,buy,NYSE
tx_0004397,2025-06-15 09:55:01,NVDA,199.08,799,sell,NASDAQ
tx_0008852,2025-06-15 09:55:02,JNJ,169.02,894,sell,NYSE
tx_0000871,2025-06-15 09:55:05,V,215.6,910,buy,NYSE
tx_0006534,2025-06-15 09:55:06,PYPL,243.87,644,buy,NASDAQ
tx_0003382,2025-06-15 09:55:06,GOOGL,2798.9,297,sell,NASDAQ
tx_0006016,2025-06-15 09:55:14,MCD,249.45,646,buy,NYSE
tx_0001904,2025-06-15 09:55:19,GOOGL,2793.06,856,sell,NASDAQ
tx_0001070,2025-06-15 09:55:22,NVDA,198.65,803,buy,NASDAQ
tx_0004952,2025-06-15 09:55:26,MSFT,299.12,872,sell,NASDAQ
tx_0002000,2025-06-15 09:55:27,PG,140.95,322,sell,NYSE
tx_0001702,2025-06-15 09:55:29,PEP,147.37,373,sell,NYSE
tx_0003697,2025-06-15 09:55:29,V,216.47,604,buy,NYSE
tx_0002111,2025-06-15 09:55:32,DIS,179.87,774,buy,NYSE
tx_0005578,2025-06-15 09:55:32,DIS,180.27,152,buy,NYSE
tx_0007890,2025-06-15 09:55:33,DIS,181.13,611,buy,NYSE
tx_0000784,2025-06-15 09:55:34,PEP,146.57,356,buy,NYSE
tx_0003988,2025-06-15 09:55:34,NFLX,496.68,425,sell,NASDAQ
tx_0003595,2025-06-15 09:55:36,NVDA,202.94,833,buy,NASDAQ
tx_0002293,2025-06-15 09:55:38,AMZN,3492.71,734,buy,NASDAQ
tx_0006956,2025-06-15 09:55:40,FB,333.32,453,buy,NASDAQ
tx_0002005,2025-06-15 09:55:41,AMZN,3490.64,906,buy,NASDAQ
tx_0005757,2025-06-15 09:55:45,AMZN,3513.6,203,sell,NASDAQ
tx_0004331,2025-06-15 09:55:45,AMZN,3495.95,635,buy,NASDAQ
tx_0001872,2025-06-15 09:55:54,WMT,143.2,465,buy,NYSE
tx_0004895,2025-06-15 09:55:54,NVDA,200.96,247,sell,NASDAQ
tx_0001740,2025-06-15 09:55:55,FB,330.64,270,sell,NASDAQ
tx_0005793,2025-06-15 09:55:56,NVDA,200.16,417,buy,NASDAQ
tx_0005544,2025-06-15 09:55:57,V,217.31,469,sell,NYSE
tx_0006367,2025-06-15 09:56:01,NVDA,199.55,720,buy,NASDAQ
tx_0001351,2025-06-15 09:56:03,NVDA,203.11,615,sell,NASDAQ
tx_0001868,2025-06-15 09:56:07,BRK.B,280.95,719,sell,NYSE
tx_0009343,2025-06-15 09:56:08,TSLA,708.53,498,buy,NASDAQ
tx_0006268,2025-06-15 09:56:08,TSLA,705.79,682,sell,NASDAQ
tx_0001093,2025-06-15 09:56:09,MSFT,299.68,954,sell,NASDAQ
tx_0008274,2025-06-15 09:56:12,AAPL,148.92,220,sell,NASDAQ
tx_0005583,2025-06-15 09:56:12,MSFT,295.22,403,buy,NASDAQ
tx_0000446,2025-06-15 09:56:13,PG,140.26,168,sell,NYSE
tx_0001978,2025-06-15 09:56:14,V,215.37,404,buy,NYSE
tx_0003541,2025-06-15 09:56:20,DIS,181.62,293,buy,NYSE
tx_0001995,2025-06-15 09:56:21,MSFT,298.25,381,sell,NASDAQ
tx_0005651,2025-06-15 09:56:21,JNJ,167.6,238,buy,NYSE
tx_0003921,2025-06-15 09:56:21,GOOGL,2829.48,182,sell,NASDAQ
tx_0000796,2025-06-15 09:56:22,NVDA,202.48,849,buy,NASDAQ
tx_0009874,2025-06-15 09:56:27,DIS,181.62,956,sell,NYSE
tx_0009771,2025-06-15 09:56:27,AMZN,3522.73,717,sell,NASDAQ
tx_0006481,2025-06-15 09:56:27,DIS,180.85,857,buy,NYSE
tx_0000281,2025-06-15 09:56:28,MSFT,295.99,135,buy,NASDAQ
tx_0003299,2025-06-15 09:56:32,NFLX,492.07,329,buy,NASDAQ
tx_0000949,2025-06-15 09:56:34,PYPL,246.57,425,buy,NASDAQ
tx_0004810,2025-06-15 09:56:36,PG,140.65,131,sell,NYSE
tx_0002561,2025-06-15 09:56:45,PEP,147.37,877,sell,NYSE
tx_0001798,2025-06-15 09:56:47,MCD,250.87,423,buy,NYSE
tx_0006042,2025-06-15 09:56:50,MSFT,296.21,618,buy,NASDAQ
tx_0004306,2025-06-15 09:56:52,TSLA,713.68,262,sell,NASDAQ
tx_0002104,2025-06-15 09:56:53,MA,345.54,800,sell,NYSE
tx_0009670,2025-06-15 09:56:54,MA,351.51,843,buy,NYSE
tx_0004750,2025-06-15 09:56:57,FB,331.8,885,buy,NASDAQ
tx_0005926,2025-06-15 09:56:58,AAPL,149.72,651,sell,NASDAQ
tx_0006055,2025-06-15 09:56:59,BRK.B,279.86,451,buy,NYSE
tx_0001369,2025-06-15 09:56:59,MA,349.64,207,buy,NYSE
tx_0000937,2025-06-15 09:57:04,MSFT,293.84,448,buy,NASDAQ
tx_0001102,2025-06-15 09:57:05,PG,139.71,728,buy,NYSE
tx_0009740,2025-06-15 09:57:06,NFLX,498.43,625,buy,NASDAQ
tx_0000428,2025-06-15 09:57:08,BRK.B,280.05,418,sell,NYSE
tx_0001830,2025-06-15 09:57:12,KO,53.86,987,sell,NYSE
tx_0003658,2025-06-15 09:57:13,MSFT,298.66,395,sell,NASDAQ
tx_0008638,2025-06-15 09:57:13,PEP,146.87,413,,NYSE
tx_0004522,2025-06-15 09:57:13,V,219.23,967,sell,NYSE
tx_0005978,2025-06-15 09:57:20,PG,142.0,751,sell,NYSE
tx_0005827,2025-06-15 09:57:21,JNJ,169.42,178,sell,NYSE
tx_0004351,2025-06-15 09:57:22,JNJ,170.0,744,sell,NYSE
tx_0009583,2025-06-15 09:57:24,PEP,147.66,532,buy,NYSE
tx_0008972,2025-06-15 09:57:28,NFLX,495.53,306,sell,NASDAQ
tx_0006276,2025-06-15 09:57:29,ADBE,604.93,844,sell,NASDAQ
tx_0001398,2025-06-15 09:57:31,NFLX,493.87,698,buy,NASDAQ
tx_0005558,2025-06-15 09:57:34,BRK.B,282.95,497,buy,NYSE
tx_0008614,2025-06-15 09:57:34,WMT,141.65,897,buy,NYSE
tx_0006419,2025-06-15 09:57:35,JNJ,169.11,533,sell,NYSE
tx_0008510,2025-06-15 09:57:41,GOOGL,2800.25,932,sell,NASDAQ
tx_0009977,2025-06-15 09:57:43,ADBE,602.51,645,buy,NASDAQ
tx_0009451,2025-06-15 09:57:52,ADBE,605.29,532,sell,NASDAQ
tx_0004350,2025-06-15 09:57:53,AMZN,3516.29,418,sell,NASDAQ
tx_0006748,2025-06-15 09:57:54,AMZN,3530.31,380,buy,NASDAQ
tx_0006635,2025-06-15 09:57:54,PG,141.76,242,buy,NYSE
tx_0006248,2025-06-15 09:57:58,AAPL,149.15,268,sell,NASDAQ
tx_0007183,2025-06-15 09:57:58,MA,351.15,816,buy,NYSE
tx_0007800,2025-06-15 09:58:02,PEP,145.86,159,buy,NYSE
tx_0007063,2025-06-15 09:58:05,DIS,180.65,960,sell,NYSE
tx_0007064,2025-06-15 09:58:15,JNJ,,834,buy,NYSE
tx_0002543,2025-06-15 09:58:20,V,216.68,596,buy,NYSE
tx_0007621,2025-06-15 09:58:20,PYPL,245.88,537,buy,NASDAQ
tx_0001742,2025-06-15 09:58:23,NFLX,493.56,957,sell,NASDAQ
tx_0002642,2025-06-15 09:58:23,NFLX,495.68,597,buy,NASDAQ
tx_0003622,2025-06-15 09:58:30,V,215.9,760,sell,NYSE
tx_0009909,2025-06-15 09:58:32,AMZN,3473.01,993,buy,NASDAQ
tx_0008271,2025-06-15 09:58:32,BRK.B,283.35,416,buy,NYSE
tx_0005062,2025-06-15 09:58:33,ADBE,608.15,170,sell,NASDAQ
tx_0005015,2025-06-15 09:58:36,NVDA,200.39,404,buy,NASDAQ
tx_0001147,2025-06-15 09:58:41,FB,334.02,557,buy,NASDAQ
tx_0007142,2025-06-15 09:58:41,JNJ,170.43,598,sell,NYSE
tx_0004143,2025-06-15 09:58:47,BRK.B,281.76,285,buy,NYSE
tx_0003705,2025-06-15 09:58:47,MA,347.59,723,sell,NYSE
tx_0005800,2025-06-15 09:58:48,NVDA,202.8,477,buy,NASDAQ
tx_0001720,2025-06-15 09:58:49,PEP,145.56,637,buy,NYSE
tx_0008196,2025-06-15 09:58:50,PEP,146.91,930,buy,NYSE
tx_0005662,2025-06-15 09:58:53,PG,,398,buy,NYSE
tx_0005209,2025-06-15 09:58:54,MA,343.93,539,sell,NYSE
tx_0005934,2025-06-15 09:58:56,PEP,145.45,514,buy,NYSE
tx_0001912,2025-06-15 09:59:01,TSLA,717.43,932,buy,NASDAQ
tx_0001921,2025-06-15 09:59:04,KO,54.08,863,sell,NYSE
tx_0006307,2025-06-15 09:59:04,FB,336.36,766,buy,NASDAQ
tx_0002958,2025-06-15 09:59:10,DIS,,837,sell,NYSE
tx_0004671,2025-06-15 09:59:10,JNJ,169.77,842,sell,NYSE
tx_0000026,2025-06-15 09:59:10,GOOGL,2837.23,289,sell,NASDAQ
tx_0000502,2025-06-15 09:59:11,MCD,252.91,531,buy,NYSE
tx_0000133,2025-06-15 09:59:12,AAPL,147.81,154,buy,NASDAQ
tx_0006034,2025-06-15 09:59:12,PG,142.11,159,sell,NYSE
tx_0009991,2025-06-15 09:59:15,PG,139.76,516,sell,NYSE
tx_0008989,2025-06-15 09:59:18,V,218.18,334,sell,NYSE
tx_0003555,2025-06-15 09:59:21,BRK.B,279.76,301,sell,NYSE
tx_0008610,2025-06-15 09:59:23,PYPL,246.13,527,,NASDAQ
tx_0004217,2025-06-15 09:59:23,V,218.73,243,sell,NYSE
tx_0005259,2025-06-15 09:59:23,TSLA,719.59,682,sell,NASDAQ
tx_0000661,2025-06-15 09:59:25,DIS,179.81,956,buy,NYSE
tx_0007448,2025-06-15 09:59:28,MCD,250.06,200,sell,NYSE
tx_0002381,2025-06-15 09:59:28,TSLA,715.46,208,sell,NASDAQ
tx_0007591,2025-06-15 09:59:31,WMT,141.36,318,sell,NYSE
tx_0006441,2025-06-15 09:59:35,NVDA,202.16,505,buy,NASDAQ
tx_0001587,2025-06-15 09:59:39,FB,333.86,118,sell,NASDAQ
tx_0008662,2025-06-15 09:59:40,PYPL,246.12,316,buy,NASDAQ
tx_0005430,2025-06-15 09:59:46,PYPL,245.79,130,buy,NASDAQ
tx_0004102,2025-06-15 09:59:47,MCD,251.27,795,sell,NYSE
tx_0006796,2025-06-15 09:59:51,NFLX,497.82,946,buy,NASDAQ
tx_0004224,2025-06-15 09:59:54,V,219.83,702,buy,NYSE
tx_0000381,2025-06-15 09:59:54,TSLA,710.78,458,sell,NASDAQ
tx_0008208,2025-06-15 09:59:56,ADBE,609.96,120,sell,NASDAQ
tx_0004457,2025-06-15 09:59:57,MCD,251.13,318,buy,NYSE
tx_0004812,2025-06-15 10:00:00,AMZN,3506.48,304,buy,NASDAQ
tx_0002939,2025-06-15 10:00:07,KO,54.25,645,sell,NYSE
tx_0008085,2025-06-15 10:00:07,NFLX,496.83,993,sell,NASDAQ
tx_0000019,2025-06-15 10:00:08,MCD,250.37,742,buy,NYSE
tx_0005572,2025-06-15 10:00:10,MA,344.72,970,sell,NYSE
tx_0003736,2025-06-15 10:00:11,PYPL,243.16,452,buy,NASDAQ
tx_0007161,2025-06-15 10:00:18,BRK.B,277.75,920,sell,NYSE
tx_0009295,2025-06-15 10:00:18,GOOGL,2842.08,558,buy,NASDAQ
tx_0003337,2025-06-15 10:00:26,DIS,180.48,226,sell,NYSE
tx_0008504,2025-06-15 10:00:31,V,217.21,156,sell,NYSE
tx_0003050,2025-06-15 10:00:31,PG,141.8,707,sell,NYSE
tx_0006640,2025-06-15 10:00:35,AMZN,3488.88,611,sell,NASDAQ
tx_0007781,2025-06-15 10:00:43,JNJ,169.77,836,buy,NYSE
tx_0008340,2025-06-15 10:00:44,DIS,181.14,690,buy,NYSE
tx_0002678,2025-06-15 10:00:44,PEP,145.55,755,buy,NYSE
tx_0000524,2025-06-15 10:00:46,MSFT,295.26,685,sell,NASDAQ
tx_0008287,2025-06-15 10:00:55,PG,141.78,400,buy,NYSE
tx_0008430,2025-06-15 10:01:00,GOOGL,2816.39,808,sell,NASDAQ
tx_0005413,2025-06-15 10:01:01,WMT,141.14,245,sell,NYSE
tx_0005911,2025-06-15 10:01:06,PYPL,244.39,291,sell,NASDAQ
tx_0003764,2025-06-15 10:01:11,TSLA,710.08,797,sell,NASDAQ
tx_0000690,2025-06-15 10:01:20,AMZN,3457.07,903,buy,NASDAQ
tx_0004196,2025-06-15 10:01:20,PYPL,,137,,NASDAQ
tx_0001621,2025-06-15 10:01:21,MA,348.59,731,buy,NYSE
tx_0004264,2025-06-15 10:01:21,PEP,146.05,915,sell,NYSE
tx_0002132,2025-06-15 10:01:23,MCD,250.57,928,buy,NYSE
tx_0004175,2025-06-15 10:01:26,BRK.B,282.44,649,buy,NYSE
tx_0008590,2025-06-15 10:01:26,BRK.B,282.41,894,sell,NYSE
tx_0000554,2025-06-15 10:01:26,TSLA,719.65,906,buy,NASDAQ
tx_0003620,2025-06-15 10:01:27,DIS,180.91,231,sell,NYSE
tx_0006819,2025-06-15 10:01:33,JNJ,167.88,141,sell,NYSE
tx_0009420,2025-06-15 10:01:33,PG,140.33,302,sell,NYSE
tx_0009887,2025-06-15 10:01:35,AAPL,147.42,171,sell,NASDAQ
tx_0003930,2025-06-15 10:01:38,PEP,146.6,826,buy,NYSE
tx_0009426,2025-06-15 10:01:39,MSFT,296.27,224,sell,NASDAQ
tx_0003965,2025-06-15 10:01:39,AAPL,148.45,158,buy,NASDAQ
tx_0000929,2025-06-15 10:01:40,FB,336.45,508,buy,NASDAQ
tx_0000837,2025-06-15 10:01:42,MSFT,293.43,608,buy,NASDAQ
tx_0008775,2025-06-15 10:01:44,NVDA,203.26,516,sell,NASDAQ
tx_0004851,2025-06-15 10:01:47,KO,54.29,436,buy,NYSE
tx_0000897,2025-06-15 10:01:47,AAPL,149.19,231,sell,NASDAQ
tx_0004255,2025-06-15 10:01:47,ADBE,606.01,646,sell,NASDAQ
tx_0001281,2025-06-15 10:01:48,NVDA,201.21,123,buy,NASDAQ
tx_0005433,2025-06-15 10:01:51,ADBE,596.1,935,buy,NASDAQ
tx_0007767,2025-06-15 10:01:52,V,219.1,554,sell,NYSE
tx_0007953,2025-06-15 10:01:54,DIS,178.83,138,sell,NYSE
tx_0007931,2025-06-15 10:01:54,JNJ,168.85,444,sell,NYSE
tx_0002735,2025-06-15 10:01:55,TSLA,716.42,267,sell,NASDAQ
tx_0004410,2025-06-15 10:01:57,KO,54.73,812,sell,NYSE
tx_0004283,2025-06-15 10:02:03,JNJ,167.05,707,sell,NYSE
tx_0002794,2025-06-15 10:02:04,AAPL,149.4,280,buy,NASDAQ
tx_0006930,2025-06-15 10:02:05,DIS,179.66,803,sell,NYSE
tx_0005584,2025-06-15 10:02:05,MSFT,294.47,151,sell,NASDAQ
tx_0002125,2025-06-15 10:02:06,WMT,140.21,471,buy,NYSE
tx_0005973,2025-06-15 10:02:10,PEP,146.82,429,buy,NYSE
tx_0000905,2025-06-15 10:02:12,MA,347.35,517,buy,NYSE
tx_0004926,2025-06-15 10:02:14,V,217.16,619,sell,NYSE
tx_0006719,2025-06-15 10:02:15,AMZN,3515.61,745,buy,NASDAQ
tx_0001713,2025-06-15 10:02:16,AMZN,3465.69,228,sell,NASDAQ
tx_0007760,2025-06-15 10:02:18,MSFT,294.34,937,sell,NASDAQ
tx_0005782,2025-06-15 10:02:18,MA,350.54,494,sell,NYSE
tx_0005517,2025-06-15 10:02:19,PYPL,243.32,151,buy,
tx_0008316,2025-06-15 10:02:20,PYPL,243.82,175,buy,NASDAQ
tx_0009674,2025-06-15 10:02:21,MA,349.87,778,sell,NYSE
tx_0006892,2025-06-15 10:02:21,NFLX,491.83,389,buy,NASDAQ
tx_0002023,2025-06-15 10:02:25,KO,54.19,532,buy,NYSE
tx_0008164,2025-06-15 10:02:26,NVDA,201.73,816,sell,NASDAQ
tx_0000455,2025-06-15 10:02:34,KO,54.43,848,sell,NYSE
tx_0005701,2025-06-15 10:02:35,DIS,182.54,357,sell,NYSE
tx_0001984,2025-06-15 10:02:35,PG,141.96,377,buy,NYSE
tx_0000262,2025-06-15 10:02:40,V,215.66,374,buy,NYSE
tx_0003692,2025-06-15 10:02:43,AMZN,3467.37,127,buy,NASDAQ
tx_0000223,2025-06-15 10:02:44,WMT,141.85,620,buy,NYSE
tx_0005269,2025-06-15 10:02:45,DIS,181.96,638,sell,NYSE
tx_0000891,2025-06-15 10:02:47,MCD,247.28,633,sell,NYSE
tx_0001489,2025-06-15 10:02:48,V,217.23,248,sell,NYSE
tx_0007532,2025-06-15 10:02:50,DIS,181.59,168,buy,NYSE
tx_0002625,2025-06-15 10:02:51,V,218.67,388,sell,NYSE
tx_0003452,2025-06-15 10:02:53,WMT,139.16,783,sell,NYSE
tx_0007927,2025-06-15 10:02:53,MSFT,293.19,907,buy,NASDAQ
tx_0006400,2025-06-15 10:02:53,MA,351.96,999,sell,NYSE
tx_0006777,2025-06-15 10:02:58,FB,333.31,151,sell,NASDAQ
tx_0004758,2025-06-15 10:02:59,WMT,139.49,882,sell,NYSE
tx_0003277,2025-06-15 10:03:06,BRK.B,281.19,563,buy,NYSE
tx_0000793,2025-06-15 10:03:07,KO,54.69,504,buy,NYSE
tx_0009838,2025-06-15 10:03:10,AAPL,148.11,836,sell,NASDAQ
tx_0002624,2025-06-15 10:03:15,WMT,139.71,256,sell,NYSE
tx_0004101,2025-06-15 10:03:18,PYPL,246.61,210,buy,NASDAQ
tx_0002312,2025-06-15 10:03:20,MA,350.98,141,sell,NYSE
tx_0004666,2025-06-15 10:03:22,MCD,247.38,328,sell,NYSE
tx_0000040,2025-06-15 10:03:23,NVDA,200.71,521,buy,NASDAQ
tx_0008904,2025-06-15 10:03:30,MCD,249.36,952,sell,NYSE
tx_0004742,2025-06-15 10:03:32,DIS,179.59,429,sell,NYSE
tx_0001965,2025-06-15 10:03:34,FB,333.76,402,sell,NASDAQ
tx_0001252,2025-06-15 10:03:35,NFLX,498.14,727,sell,NASDAQ
tx_0008405,2025-06-15 10:03:36,ADBE,599.79,386,sell,NASDAQ
tx_0006570,2025-06-15 10:03:37,GOOGL,2840.55,397,sell,NASDAQ
tx_0003789,2025-06-15 10:03:44,V,215.28,850,buy,NYSE
tx_0005308,2025-06-15 10:03:45,FB,331.53,107,buy,NASDAQ
tx_0004670,2025-06-15 10:03:45,PG,141.7,291,sell,NYSE
tx_0005533,2025-06-15 10:03:46,PEP,145.01,969,sell,NYSE
tx_0005968,2025-06-15 10:03:48,MSFT,297.11,129,sell,NASDAQ
tx_0008714,2025-06-15 10:03:48,FB,336.65,934,sell,NASDAQ
tx_0003811,2025-06-15 10:03:48,MSFT,294.44,989,buy,NASDAQ
tx_0002964,2025-06-15 10:03:49,TSLA,710.16,956,sell,NASDAQ
tx_0005636,2025-06-15 10:03:49,ADBE,602.55,431,sell,NASDAQ
tx_0002314,2025-06-15 10:03:51,ADBE,608.13,661,sell,NASDAQ
tx_0008882,2025-06-15 10:03:52,PEP,146.21,929,sell,NYSE
tx_0002032,2025-06-15 10:03:53,WMT,140.55,720,sell,NYSE
tx_0003441,2025-06-15 10:03:56,DIS,182.77,513,sell,NYSE
tx_0006556,2025-06-15 10:03:58,DIS,179.67,118,buy,NYSE
tx_0000432,2025-06-15 10:03:59,V,219.34,679,buy,NYSE
tx_0004199,2025-06-15 10:04:06,PG,140.15,784,buy,NYSE
tx_0000224,2025-06-15 10:04:08,KO,54.81,835,buy,NYSE
tx_0000440,2025-06-15 10:04:14,DIS,181.35,674,buy,NYSE
tx_0008098,2025-06-15 10:04:16,NFLX,495.87,701,sell,NASDAQ
tx_0006862,2025-06-15 10:04:16,AAPL,149.15,298,buy,NASDAQ
tx_0004802,2025-06-15 10:04:17,AAPL,147.38,727,sell,NASDAQ
tx_0003197,2025-06-15 10:04:18,ADBE,603.59,123,sell,NASDAQ
tx_0009320,2025-06-15 10:04:22,V,218.52,706,sell,NYSE
tx_0007669,2025-06-15 10:04:23,MSFT,296.47,605,buy,NASDAQ
tx_0008222,2025-06-15 10:04:30,AMZN,3456.42,379,buy,NASDAQ
tx_0009066,2025-06-15 10:04:32,AAPL,148.12,713,sell,NASDAQ
tx_0003300,2025-06-15 10:04:33,MSFT,295.67,229,sell,NASDAQ
tx_0003901,2025-06-15 10:04:35,KO,54.03,107,sell,NYSE
tx_0001286,2025-06-15 10:04:37,MA,350.01,166,sell,NYSE
tx_0001947,2025-06-15 10:04:38,DIS,181.71,451,sell,NYSE
tx_0004542,2025-06-15 10:04:39,ADBE,594.97,510,sell,NASDAQ
tx_0003737,2025-06-15 10:04:41,DIS,181.87,418,buy,NYSE
tx_0007639,2025-06-15 10:04:46,PEP,144.74,830,sell,NYSE
tx_0007376,2025-06-15 10:04:49,PYPL,242.93,324,buy,NASDAQ
tx_0000154,2025-06-15 10:04:53,MSFT,294.36,481,buy,NASDAQ
tx_0004151,2025-06-15 10:04:53,ADBE,600.27,174,sell,NASDAQ
tx_0009996,2025-06-15 10:04:53,PG,141.92,584,sell,NYSE
tx_0002387,2025-06-15 10:04:54,PYPL,245.47,118,sell,NASDAQ
tx_0000509,2025-06-15 10:04:57,PEP,147.0,213,sell,NYSE
tx_0004420,2025-06-15 10:04:59,ADBE,598.98,966,buy,NASDAQ
tx_0009324,2025-06-15 10:04:59,V,219.38,188,buy,NYSE
tx_0000362,2025-06-15 10:05:01,MSFT,293.7,509,buy,NASDAQ
tx_0009766,2025-06-15 10:05:01,AAPL,147.15,941,buy,NASDAQ
tx_0003071,2025-06-15 10:05:04,NVDA,199.52,658,sell,NASDAQ
tx_0000862,2025-06-15 10:05:04,JNJ,167.43,792,buy,NYSE
tx_0008864,2025-06-15 10:05:12,JNJ,166.55,119,buy,NYSE
tx_0006735,2025-06-15 10:05:15,MSFT,295.75,302,sell,NASDAQ
tx_0006520,2025-06-15 10:05:16,MA,346.4,944,buy,NYSE
tx_0005991,2025-06-15 10:05:17,MSFT,297.75,168,buy,NASDAQ
tx_0009586,2025-06-15 10:05:21,V,218.75,938,sell,NYSE
tx_0002548,2025-06-15 10:05:23,NFLX,493.47,971,sell,NASDAQ
tx_0003089,2025-06-15 10:05:24,NVDA,200.29,619,buy,NASDAQ
tx_0004349,2025-06-15 10:05:28,NFLX,495.06,753,buy,NASDAQ
tx_0007718,2025-06-15 10:05:28,DIS,182.11,746,buy,NYSE
tx_0009836,2025-06-15 10:05:29,DIS,181.76,579,sell,NYSE
tx_0002205,2025-06-15 10:05:31,FB,334.43,329,sell,NASDAQ
tx_0009430,2025-06-15 10:05:35,WMT,140.89,520,sell,NYSE
tx_0005169,2025-06-15 10:05:36,PYPL,246.56,457,buy,NASDAQ
tx_0000827,2025-06-15 10:05:37,NVDA,200.9,778,buy,NASDAQ
tx_0009800,2025-06-15 10:05:40,MA,346.05,326,buy,NYSE
tx_0008189,2025-06-15 10:05:40,NVDA,203.2,247,buy,NASDAQ
tx_0007649,2025-06-15 10:05:47,BRK.B,278.37,405,sell,NYSE
tx_0002027,2025-06-15 10:05:49,GOOGL,2868.78,490,buy,NASDAQ
tx_0004471,2025-06-15 10:05:51,AAPL,148.65,513,buy,NASDAQ
tx_0007571,2025-06-15 10:05:52,TSLA,714.07,640,sell,NASDAQ
tx_0005808,2025-06-15 10:05:54,MA,349.16,677,buy,NYSE
tx_0005206,2025-06-15 10:05:54,ADBE,605.35,840,sell,NASDAQ
tx_0007458,2025-06-15 10:05:54,NFLX,499.69,142,sell,NASDAQ
tx_0003200,2025-06-15 10:05:56,MA,348.44,464,buy,NYSE
tx_0005422,2025-06-15 10:05:58,WMT,139.93,806,sell,NYSE
tx_0005329,2025-06-15 10:06:03,FB,337.36,262,sell,NASDAQ
tx_0003434,2025-06-15 10:06:05,MSFT,291.37,256,,NASDAQ
tx_0001838,2025-06-15 10:06:07,PYPL,244.09,897,sell,NASDAQ
tx_0005924,2025-06-15 10:06:11,PG,140.35,527,sell,NYSE
tx_0008774,2025-06-15 10:06:13,PEP,146.54,332,buy,NYSE
tx_0002240,2025-06-15 10:06:13,GOOGL,2878.41,750,sell,NASDAQ
tx_0006207,2025-06-15 10:06:15,FB,334.91,571,sell,NASDAQ
tx_0008659,2025-06-15 10:06:15,AMZN,3536.42,458,buy,NASDAQ
tx_0006355,2025-06-15 10:06:16,AAPL,148.43,862,buy,NASDAQ
tx_0007057,2025-06-15 10:06:17,WMT,140.4,468,sell,NYSE
tx_0006829,2025-06-15 10:06:21,AAPL,148.52,793,buy,NASDAQ
tx_0005863,2025-06-15 10:06:25,MCD,247.03,209,buy,NYSE
tx_0007251,2025-06-15 10:06:30,ADBE,606.03,603,sell,NASDAQ
tx_0001214,2025-06-15 10:06:32,PEP,145.19,186,buy,NYSE
tx_0005176,2025-06-15 10:06:35,ADBE,595.52,450,sell,NASDAQ
tx_0008460,2025-06-15 10:06:40,MA,347.56,711,sell,NYSE
tx_0001623,2025-06-15 10:06:42,FB,335.33,835,sell,NASDAQ
tx_0000013,2025-06-15 10:06:43,NFLX,494.59,350,sell,NASDAQ
tx_0008922,2025-06-15 10:06:46,NFLX,500.84,675,sell,NASDAQ
tx_0005698,2025-06-15 10:06:50,ADBE,600.47,837,buy,NASDAQ
tx_0006205,2025-06-15 10:06:54,JNJ,167.89,268,sell,NYSE
tx_0001851,2025-06-15 10:07:00,MCD,247.34,471,buy,NYSE
tx_0009061,2025-06-15 10:07:00,MCD,249.41,841,sell,NYSE
tx_0001449,2025-06-15 10:07:01,DIS,183.95,899,sell,NYSE
tx_0000531,2025-06-15 10:07:09,NVDA,,986,buy,NASDAQ
tx_0002953,2025-06-15 10:07:09,MSFT,292.78,283,buy,NASDAQ
tx_0000042,2025-06-15 10:07:14,JNJ,167.56,485,sell,NYSE
tx_0002353,2025-06-15 10:07:14,JNJ,168.39,587,buy,NYSE
tx_0003862,2025-06-15 10:07:19,KO,53.64,605,buy,NYSE
tx_0001393,2025-06-15 10:07:20,PEP,147.95,525,sell,NYSE
tx_0003991,2025-06-15 10:07:20,PG,141.69,167,buy,NYSE
tx_0007427,2025-06-15 10:07:25,NFLX,498.22,559,buy,NASDAQ
tx_0005100,2025-06-15 10:07:27,FB,338.48,195,sell,NASDAQ
tx_0003310,2025-06-15 10:07:32,NVDA,200.5,240,sell,NASDAQ
tx_0007425,2025-06-15 10:07:41,NFLX,498.37,443,sell,NASDAQ
tx_0009937,2025-06-15 10:07:41,KO,53.81,820,sell,NYSE
tx_0001953,2025-06-15 10:07:43,V,216.48,912,sell,NYSE
tx_0008707,2025-06-15 10:07:43,MSFT,294.96,565,sell,NASDAQ
tx_0002742,2025-06-15 10:07:48,BRK.B,279.15,479,buy,NYSE
tx_0001377,2025-06-15 10:07:49,KO,54.31,543,buy,NYSE
tx_0008768,2025-06-15 10:07:50,PEP,145.71,409,buy,NYSE
tx_0000029,2025-06-15 10:07:58,PYPL,246.5,295,buy,NASDAQ
tx_0005773,2025-06-15 10:08:02,AMZN,3495.61,366,buy,NASDAQ
tx_0001659,2025-06-15 10:08:04,JNJ,167.58,971,buy,NYSE
tx_0002881,2025-06-15 10:08:05,FB,333.71,814,buy,NASDAQ
tx_0007686,2025-06-15 10:08:06,WMT,142.23,252,sell,NYSE
tx_0006745,2025-06-15 10:08:09,BRK.B,280.69,971,buy,NYSE
tx_0000555,2025-06-15 10:08:10,ADBE,592.33,439,buy,NASDAQ
tx_0000671,2025-06-15 10:08:13,V,218.57,597,sell,NYSE
tx_0007461,2025-06-15 10:08:17,PG,141.72,775,sell,NYSE
tx_0009931,2025-06-15 10:08:21,PEP,147.54,407,buy,NYSE
tx_0009784,2025-06-15 10:08:23,DIS,180.98,544,buy,NYSE
tx_0006518,2025-06-15 10:08:24,ADBE,593.74,405,buy,NASDAQ
tx_0009375,2025-06-15 10:08:25,KO,54.51,715,buy,NYSE
tx_0004170,2025-06-15 10:08:32,KO,53.67,404,sell,NYSE
tx_0007508,2025-06-15 10:08:34,ADBE,598.49,286,buy,NASDAQ
tx_0003968,2025-06-15 10:08:34,ADBE,594.88,745,sell,NASDAQ
tx_0005009,2025-06-15 10:08:35,PG,142.02,794,sell,NYSE
tx_0007168,2025-06-15 10:08:37,NFLX,499.12,936,sell,NASDAQ
tx_0003521,2025-06-15 10:08:37,DIS,180.76,212,sell,NYSE
tx_0004233,2025-06-15 10:08:44,PG,142.13,488,sell,NYSE
tx_0006425,2025-06-15 10:08:54,JNJ,167.89,818,sell,NYSE
tx_0002719,2025-06-15 10:08:56,NVDA,202.93,482,sell,NASDAQ
tx_0008310,2025-06-15 10:08:58,JNJ,167.88,994,sell,NYSE
tx_0001544,2025-06-15 10:09:03,GOOGL,2803.08,887,buy,NASDAQ
tx_0006970,2025-06-15 10:09:05,KO,54.13,667,buy,NYSE
tx_0002146,2025-06-15 10:09:07,GOOGL,2856.46,462,buy,NASDAQ
tx_0005196,2025-06-15 10:09:10,NVDA,202.91,307,buy,NASDAQ
tx_0002983,2025-06-15 10:09:10,WMT,142.23,483,sell,NYSE
tx_0006978,2025-06-15 10:09:11,MA,347.62,681,sell,NYSE
tx_0009196,2025-06-15 10:09:15,TSLA,708.36,704,sell,NASDAQ
tx_0007593,2025-06-15 10:09:18,AMZN,3467.83,440,sell,NASDAQ
tx_0007979,2025-06-15 10:09:27,ADBE,595.74,780,buy,NASDAQ
tx_0006111,2025-06-15 10:09:34,PYPL,243.16,818,sell,NASDAQ
tx_0008348,2025-06-15 10:09:36,TSLA,708.08,117,buy,NASDAQ
tx_0006480,2025-06-15 10:09:41,V,218.66,321,buy,NYSE
tx_0009058,2025-06-15 10:09:41,DIS,181.35,499,sell,NYSE
tx_0007015,2025-06-15 10:09:42,PYPL,242.33,253,sell,NASDAQ
tx_0003042,2025-06-15 10:09:42,V,218.48,860,sell,NYSE
tx_0001001,2025-06-15 10:09:43,NVDA,201.28,565,buy,NASDAQ
tx_0002724,2025-06-15 10:09:50,AAPL,148.44,139,buy,NASDAQ
tx_0009978,2025-06-15 10:09:54,V,219.76,291,sell,NYSE
tx_0005867,2025-06-15 10:09:56,V,216.73,914,buy,NYSE
tx_0003328,2025-06-15 10:09:58,FB,333.95,113,buy,NASDAQ
tx_0009907,2025-06-15 10:09:58,DIS,181.85,793,sell,NYSE
tx_0008097,2025-06-15 10:09:58,MSFT,294.71,973,sell,NASDAQ
tx_0001026,2025-06-15 10:09:59,TSLA,714.06,997,sell,NASDAQ
tx_0002605,2025-06-15 10:09:59,MSFT,292.2,396,buy,NASDAQ
tx_0009275,2025-06-15 10:09:59,NFLX,504.62,592,sell,NASDAQ
tx_0005975,2025-06-15 10:10:02,ADBE,593.11,365,sell,NASDAQ
tx_0009288,2025-06-15 10:10:02,MSFT,296.27,518,sell,NASDAQ
tx_0008180,2025-06-15 10:10:03,AAPL,148.16,215,buy,NASDAQ
tx_0008140,2025-06-15 10:10:09,TSLA,706.32,955,buy,NASDAQ
tx_0000170,2025-06-15 10:10:11,V,219.24,768,sell,NYSE
tx_0007179,2025-06-15 10:10:12,WMT,140.09,495,sell,NYSE
tx_0003094,2025-06-15 10:10:12,V,216.69,807,buy,NYSE
tx_0001664,2025-06-15 10:10:17,FB,338.5,504,sell,NASDAQ
tx_0006003,2025-06-15 10:10:17,KO,54.25,260,buy,NYSE
tx_0000532,2025-06-15 10:10:20,DIS,181.12,505,sell,NYSE
tx_0001387,2025-06-15 10:10:26,WMT,140.11,613,sell,NYSE
tx_0002422,2025-06-15 10:10:27,AMZN,3468.06,404,buy,NASDAQ
tx_0003893,2025-06-15 10:10:27,PYPL,243.79,327,sell,NASDAQ
tx_0001382,2025-06-15 10:10:29,JNJ,167.35,895,sell,NYSE
tx_0000613,2025-06-15 10:10:30,PEP,146.83,636,sell,NYSE
tx_0006006,2025-06-15 10:10:31,MSFT,292.78,392,sell,NASDAQ
tx_0004715,2025-06-15 10:10:32,MCD,244.8,704,buy,NYSE
tx_0000538,2025-06-15 10:10:35,WMT,138.61,242,buy,NYSE
tx_0009981,2025-06-15 10:10:38,FB,336.24,784,sell,NASDAQ
tx_0000609,2025-06-15 10:10:38,WMT,139.7,228,buy,NYSE
tx_0002304,2025-06-15 10:10:39,WMT,141.12,148,sell,NYSE
tx_0009245,2025-06-15 10:10:44,MSFT,294.98,539,sell,NASDAQ
tx_0004551,2025-06-15 10:10:44,PYPL,244.16,286,buy,NASDAQ
tx_0000920,2025-06-15 10:10:44,ADBE,595.73,838,sell,NASDAQ
tx_0006376,2025-06-15 10:10:46,MA,347.36,513,sell,NYSE
tx_0001129,2025-06-15 10:10:50,MSFT,292.48,845,buy,NASDAQ
tx_0008987,2025-06-15 10:10:54,MCD,249.16,608,buy,NYSE
tx_0004506,2025-06-15 10:10:56,FB,338.38,741,sell,NASDAQ
tx_0009716,2025-06-15 10:11:06,KO,53.76,131,sell,NYSE
tx_0002807,2025-06-15 10:11:13,KO,53.89,661,sell,NYSE
tx_0000780,2025-06-15 10:11:14,PYPL,246.65,987,buy,NASDAQ
tx_0009487,2025-06-15 10:11:21,KO,54.59,145,sell,NYSE
tx_0002692,2025-06-15 10:11:21,V,217.13,907,buy,NYSE
tx_0006448,2025-06-15 10:11:22,TSLA,713.9,559,sell,NASDAQ
tx_0009110,2025-06-15 10:11:28,PYPL,247.12,301,buy,NASDAQ
tx_0009460,2025-06-15 10:11:29,FB,333.95,721,buy,NASDAQ
tx_0006875,2025-06-15 10:11:29,FB,333.7,828,buy,NASDAQ
tx_0001950,2025-06-15 10:11:30,ADBE,592.14,215,sell,NASDAQ
tx_0007645,2025-06-15 10:11:31,KO,,852,buy,NYSE
tx_0009525,2025-06-15 10:11:32,V,217.3,149,buy,NYSE
tx_0001619,2025-06-15 10:11:34,PG,141.61,921,sell,NYSE
tx_0007066,2025-06-15 10:11:36,ADBE,596.73,224,buy,NASDAQ
tx_0009159,2025-06-15 10:11:36,PEP,149.18,995,sell,NYSE
tx_0002367,2025-06-15 10:11:37,MCD,247.41,175,buy,NYSE
tx_0006247,2025-06-15 10:11:37,WMT,139.94,329,sell,NYSE
tx_0003542,2025-06-15 10:11:38,PYPL,244.06,561,buy,NASDAQ
tx_0007444,2025-06-15 10:11:40,DIS,185.15,710,buy,NYSE
tx_0002308,2025-06-15 10:11:41,AMZN,3480.72,206,buy,NASDAQ
tx_0005424,2025-06-15 10:11:44,MCD,246.02,199,buy,NYSE
tx_0004682,2025-06-15 10:11:45,KO,,564,sell,NYSE
tx_0003980,2025-06-15 10:11:46,PG,142.33,973,buy,NYSE
tx_0005618,2025-06-15 10:11:46,AAPL,150.86,122,sell,NASDAQ
tx_0007290,2025-06-15 10:11:49,WMT,141.16,351,sell,NYSE
tx_0009398,2025-06-15 10:11:50,AAPL,149.35,385,buy,NASDAQ
tx_0009900,2025-06-15 10:11:52,TSLA,703.66,609,buy,NASDAQ
tx_0004425,2025-06-15 10:11:55,MA,345.27,434,sell,NYSE
tx_0005277,2025-06-15 10:11:59,ADBE,603.31,281,buy,NASDAQ
tx_0004596,2025-06-15 10:12:04,NFLX,499.6,153,sell,NASDAQ
tx_0002825,2025-06-15 10:12:06,PEP,147.99,135,buy,NYSE
tx_0009325,2025-06-15 10:12:06,AMZN,3501.22,364,sell,NASDAQ
tx_0008686,2025-06-15 10:12:08,MSFT,295.39,268,sell,NASDAQ
tx_0004203,2025-06-15 10:12:08,MSFT,293.31,157,buy,NASDAQ
tx_0002858,2025-06-15 10:12:11,V,216.96,841,sell,NYSE
tx_0004578,2025-06-15 10:12:12,GOOGL,2804.31,375,sell,NASDAQ
tx_0008026,2025-06-15 10:12:16,PEP,149.79,290,sell,NYSE
tx_0007382,2025-06-15 10:12:16,ADBE,602.95,957,sell,NASDAQ
tx_0007758,2025-06-15 10:12:17,KO,54.75,887,buy,NYSE
tx_0008884,2025-06-15 10:12:18,DIS,185.12,196,sell,NYSE
tx_0002169,2025-06-15 10:12:19,JNJ,165.31,618,buy,NYSE
tx_0004400,2025-06-15 10:12:19,JNJ,165.57,729,sell,NYSE
tx_0009764,2025-06-15 10:12:19,NVDA,202.04,296,sell,NASDAQ
tx_0002593,2025-06-15 10:12:21,GOOGL,2826.76,479,sell,NASDAQ
tx_0003731,2025-06-15 10:12:21,PEP,148.78,997,sell,NYSE
tx_0000081,2025-06-15 10:12:23,V,218.45,710,sell,NYSE
tx_0006711,2025-06-15 10:12:24,GOOGL,2810.76,911,sell,NASDAQ
tx_0002925,2025-06-15 10:12:25,ADBE,592.26,574,sell,NASDAQ
tx_0002283,2025-06-15 10:12:26,ADBE,592.84,337,sell,NASDAQ
tx_0006491,2025-06-15 10:12:27,KO,54.27,733,buy,NYSE
tx_0000900,2025-06-15 10:12:33,AAPL,148.97,428,buy,NASDAQ
tx_0003288,2025-06-15 10:12:34,GOOGL,2836.99,257,sell,NASDAQ
tx_0006407,2025-06-15 10:12:36,NFLX,501.58,728,buy,NASDAQ
tx_0007481,2025-06-15 10:12:38,AAPL,148.85,281,buy,NASDAQ
tx_0008961,2025-06-15 10:12:39,PG,141.41,313,sell,NYSE
tx_0009003,2025-06-15 10:12:42,V,219.42,207,sell,NYSE
tx_0008329,2025-06-15 10:12:42,BRK.B,277.63,231,sell,NYSE
tx_0007680,2025-06-15 10:12:46,TSLA,699.91,512,buy,NASDAQ
tx_0000962,2025-06-15 10:12:46,PYPL,244.2,263,sell,NASDAQ
tx_0000345,2025-06-15 10:12:51,GOOGL,2833.18,957,buy,NASDAQ
tx_0002564,2025-06-15 10:12:53,TSLA,707.84,865,sell,NASDAQ
tx_0009892,2025-06-15 10:12:55,AAPL,151.35,549,buy,NASDAQ
tx_0003309,2025-06-15 10:12:55,V,216.47,841,sell,NYSE
tx_0004869,2025-06-15 10:12:55,NVDA,201.22,379,buy,NASDAQ
tx_0002786,2025-06-15 10:12:56,WMT,141.1,244,buy,NYSE
tx_0003063,2025-06-15 10:12:59,KO,54.32,382,sell,NYSE
tx_0009216,2025-06-15 10:13:06,MA,347.22,325,sell,NYSE
tx_0006254,2025-06-15 10:13:15,AMZN,3464.95,308,buy,NASDAQ
tx_0001616,2025-06-15 10:13:19,BRK.B,276.18,880,sell,NYSE
tx_0003432,2025-06-15 10:13:21,MCD,248.76,225,sell,NYSE
tx_0002604,2025-06-15 10:13:21,GOOGL,2811.5,878,buy,NASDAQ
tx_0008522,2025-06-15 10:13:23,GOOGL,2843.89,867,buy,NASDAQ
tx_0001336,2025-06-15 10:13:23,BRK.B,276.55,561,buy,NYSE
tx_0000063,2025-06-15 10:13:26,JNJ,167.64,649,sell,NYSE
tx_0007710,2025-06-15 10:13:29,MCD,246.12,183,sell,NYSE
tx_0009486,2025-06-15 10:13:29,NFLX,503.98,134,sell,
tx_0007205,2025-06-15 10:13:31,PG,142.26,948,sell,NYSE
tx_0008374,2025-06-15 10:13:31,ADBE,600.07,954,sell,NASDAQ
tx_0001423,2025-06-15 10:13:33,DIS,182.86,764,buy,NYSE
tx_0005096,2025-06-15 10:13:34,AAPL,150.09,615,buy,NASDAQ
tx_0002827,2025-06-15 10:13:35,FB,330.37,156,sell,NASDAQ
tx_0001401,2025-06-15 10:13:36,PG,142.13,670,sell,NYSE
tx_0003020,2025-06-15 10:13:38,ADBE,603.64,129,buy,NASDAQ
tx_0003260,2025-06-15 10:13:38,FB,330.91,205,buy,NASDAQ
tx_0003947,2025-06-15 10:13:41,MCD,249.55,760,sell,NYSE
tx_0008195,2025-06-15 10:13:43,WMT,140.39,779,sell,NYSE
tx_0004529,2025-06-15 10:13:45,PYPL,243.62,837,buy,NASDAQ
tx_0008897,2025-06-15 10:13:45,KO,54.67,843,buy,NYSE
tx_0007887,2025-06-15 10:13:50,DIS,184.13,164,buy,NYSE
tx_0001867,2025-06-15 10:13:53,AMZN,3465.59,383,,NASDAQ
tx_0008663,2025-06-15 10:13:54,GOOGL,2833.51,541,buy,NASDAQ
tx_0005022,2025-06-15 10:13:58,BRK.B,275.26,822,sell,NYSE
tx_0002112,2025-06-15 10:13:58,AMZN,3482.73,726,sell,NASDAQ
tx_0004706,2025-06-15 10:13:59,KO,54.72,842,sell,NYSE
tx_0005400,2025-06-15 10:14:00,FB,333.94,923,buy,NASDAQ
tx_0002261,2025-06-15 10:14:02,AAPL,148.51,319,buy,NASDAQ
tx_0001601,2025-06-15 10:14:09,PEP,145.94,904,sell,NYSE
tx_0007691,2025-06-15 10:14:16,ADBE,603.32,275,sell,NASDAQ
tx_0006037,2025-06-15 10:14:22,GOOGL,2828.33,153,sell,NASDAQ
tx_0007012,2025-06-15 10:14:24,DIS,182.16,138,sell,NYSE
tx_0004239,2025-06-15 10:14:32,JNJ,165.92,776,buy,NYSE
tx_0000373,2025-06-15 10:14:33,AMZN,3500.72,512,sell,NASDAQ
tx_0000560,2025-06-15 10:14:36,NFLX,498.5,869,sell,NASDAQ
tx_0005603,2025-06-15 10:14:36,V,216.8,440,buy,NYSE
tx_0003783,2025-06-15 10:14:37,TSLA,698.58,713,buy,NASDAQ
tx_0006286,2025-06-15 10:14:39,MCD,249.67,518,sell,NYSE
tx_0008352,2025-06-15 10:14:44,PEP,145.96,132,buy,NYSE
tx_0007776,2025-06-15 10:14:45,TSLA,705.07,177,sell,NASDAQ
tx_0001359,2025-06-15 10:14:48,NVDA,201.36,256,sell,NASDAQ
tx_0006990,2025-06-15 10:14:51,MCD,250.24,860,sell,NYSE
tx_0009317,2025-06-15 10:14:52,NFLX,502.4,705,sell,NASDAQ
tx_0002356,2025-06-15 10:14:53,GOOGL,2848.28,984,buy,NASDAQ
tx_0005405,2025-06-15 10:14:53,WMT,140.75,983,buy,NYSE
tx_0006370,2025-06-15 10:14:54,PYPL,245.39,330,sell,NASDAQ
tx_0003028,2025-06-15 10:14:55,PEP,148.32,395,buy,NYSE
tx_0004633,2025-06-15 10:15:04,NFLX,500.57,294,buy,NASDAQ
tx_0006664,2025-06-15 10:15:04,TSLA,699.39,995,buy,NASDAQ
tx_0001898,2025-06-15 10:15:08,PEP,146.21,745,buy,NYSE
tx_0008930,2025-06-15 10:15:10,WMT,140.69,854,sell,NYSE
tx_0002415,2025-06-15 10:15:15,MCD,247.98,989,sell,NYSE
tx_0003688,2025-06-15 10:15:18,PYPL,247.11,467,buy,NASDAQ
tx_0005552,2025-06-15 10:15:18,V,219.46,993,sell,NYSE
tx_0000763,2025-06-15 10:15:24,TSLA,699.1,655,sell,NASDAQ
tx_0005073,2025-06-15 10:15:27,ADBE,604.93,190,buy,NASDAQ
tx_0006279,2025-06-15 10:15:30,PEP,146.56,960,buy,NYSE
tx_0008019,2025-06-15 10:15:35,NVDA,202.08,600,sell,NASDAQ
tx_0000980,2025-06-15 10:15:37,TSLA,691.39,817,sell,NASDAQ
tx_0006914,2025-06-15 10:15:39,PEP,147.54,773,buy,NYSE
tx_0007190,2025-06-15 10:15:41,PYPL,245.23,598,sell,NASDAQ
tx_0000595,2025-06-15 10:15:43,WMT,139.93,764,sell,NYSE
tx_0009668,2025-06-15 10:15:45,KO,54.36,237,buy,NYSE
tx_0007784,2025-06-15 10:15:46,MSFT,296.85,370,buy,NASDAQ
tx_0000064,2025-06-15 10:15:51,TSLA,693.27,581,buy,NASDAQ
tx_0003598,2025-06-15 10:15:52,ADBE,605.37,529,sell,NASDAQ
tx_0005954,2025-06-15 10:15:53,PG,140.98,833,sell,NYSE
tx_0000072,2025-06-15 10:15:54,WMT,140.05,108,buy,NYSE
tx_0008561,2025-06-15 10:15:55,WMT,140.89,142,buy,NYSE
tx_0004945,2025-06-15 10:15:56,DIS,183.38,527,buy,NYSE
tx_0004661,2025-06-15 10:15:57,MSFT,294.51,508,sell,NASDAQ
tx_0005901,2025-06-15 10:15:58,BRK.B,280.53,582,sell,NYSE
tx_0000776,2025-06-15 10:15:58,BRK.B,275.97,370,sell,NYSE
tx_0002630,2025-06-15 10:15:58,NFLX,501.42,582,buy,NASDAQ
tx_0009507,2025-06-15 10:16:04,PYPL,245.23,758,buy,NASDAQ
tx_0008754,2025-06-15 10:16:05,MSFT,293.03,660,sell,NASDAQ
tx_0002802,2025-06-15 10:16:08,KO,54.97,947,sell,NYSE
tx_0004455,2025-06-15 10:16:12,AAPL,150.44,957,sell,NASDAQ
tx_0008105,2025-06-15 10:16:14,MSFT,298.19,392,buy,NASDAQ
tx_0000749,2025-06-15 10:16:15,WMT,141.5,120,sell,NYSE
tx_0003494,2025-06-15 10:16:21,MCD,250.17,558,sell,NYSE
tx_0001920,2025-06-15 10:16:27,DIS,184.67,306,buy,NYSE
tx_0006281,2025-06-15 10:16:31,DIS,181.18,634,buy,NYSE
tx_0002020,2025-06-15 10:16:31,NFLX,504.77,437,buy,NASDAQ
tx_0003776,2025-06-15 10:16:32,GOOGL,2780.78,569,sell,NASDAQ
tx_0004045,2025-06-15 10:16:32,KO,54.74,150,sell,NYSE
tx_0008786,2025-06-15 10:16:32,KO,55.03,461,sell,NYSE
tx_0006837,2025-06-15 10:16:42,TSLA,694.51,440,sell,NASDAQ
tx_0007217,2025-06-15 10:16:43,TSLA,693.16,447,buy,NASDAQ
tx_0006128,2025-06-15 10:16:47,JNJ,167.02,675,sell,NYSE
tx_0007176,2025-06-15 10:16:53,DIS,181.5,850,buy,NYSE
tx_0005448,2025-06-15 10:16:56,WMT,141.26,619,sell,NYSE
tx_0004566,2025-06-15 10:16:58,V,219.22,316,sell,NYSE
tx_0003479,2025-06-15 10:16:58,KO,54.86,134,buy,NYSE
tx_0008613,2025-06-15 10:17:02,AAPL,149.92,766,sell,NASDAQ
tx_0001636,2025-06-15 10:17:04,ADBE,595.97,121,sell,NASDAQ
tx_0000568,2025-06-15 10:17:05,FB,332.3,303,sell,NASDAQ
tx_0004547,2025-06-15 10:17:09,ADBE,600.35,426,buy,NASDAQ
tx_0001811,2025-06-15 10:17:13,AAPL,150.05,779,buy,NASDAQ
tx_0004919,2025-06-15 10:17:13,GOOGL,2778.17,742,sell,NASDAQ
tx_0007707,2025-06-15 10:17:14,KO,54.69,915,buy,NYSE
tx_0008970,2025-06-15 10:17:16,NFLX,502.72,711,buy,NASDAQ
tx_0002061,2025-06-15 10:17:17,PG,142.76,923,buy,NYSE
tx_0007871,2025-06-15 10:17:17,PG,143.36,624,buy,NYSE
tx_0000339,2025-06-15 10:17:20,PYPL,248.81,563,sell,NASDAQ
tx_0007239,2025-06-15 10:17:22,JNJ,168.48,327,sell,NYSE
tx_0003083,2025-06-15 10:17:22,DIS,182.82,415,sell,NYSE
tx_0002890,2025-06-15 10:17:23,DIS,183.37,907,sell,NYSE
tx_0008306,2025-06-15 10:17:27,FB,331.49,342,buy,NASDAQ
tx_0009431,2025-06-15 10:17:27,PEP,148.79,882,sell,NYSE
tx_0006495,2025-06-15 10:17:29,MA,353.45,416,sell,NYSE
tx_0003666,2025-06-15 10:17:35,KO,55.29,334,sell,NYSE
tx_0005831,2025-06-15 10:17:35,AMZN,3428.03,237,buy,NASDAQ
tx_0005240,2025-06-15 10:17:37,WMT,141.45,306,sell,NYSE
tx_0005056,2025-06-15 10:17:38,FB,336.56,977,buy,NASDAQ
tx_0004092,2025-06-15 10:17:42,GOOGL,2825.09,749,buy,NASDAQ
tx_0003270,2025-06-15 10:17:42,MA,353.07,507,sell,NYSE
tx_0007823,2025-06-15 10:17:43,AAPL,151.87,777,sell,NASDAQ
tx_0004764,2025-06-15 10:17:44,FB,333.44,281,buy,NASDAQ
tx_0001728,2025-06-15 10:17:44,PEP,147.15,472,sell,NYSE
tx_0007641,2025-06-15 10:17:47,PYPL,249.82,386,sell,NASDAQ
tx_0003914,2025-06-15 10:17:48,AMZN,3457.18,718,sell,NASDAQ
tx_0007959,2025-06-15 10:17:48,PEP,147.55,197,sell,NYSE
tx_0005994,2025-06-15 10:17:49,FB,334.73,218,buy,NASDAQ
tx_0003098,2025-06-15 10:17:51,TSLA,698.48,557,buy,NASDAQ
tx_0000353,2025-06-15 10:17:54,ADBE,593.42,274,buy,
tx_0003644,2025-06-15 10:17:57,MA,351.81,602,sell,NYSE
tx_0006543,2025-06-15 10:17:57,NVDA,202.61,828,sell,NASDAQ
tx_0000084,2025-06-15 10:17:58,NVDA,202.85,317,sell,NASDAQ
tx_0005846,2025-06-15 10:18:05,NVDA,204.28,795,buy,NASDAQ
tx_0006505,2025-06-15 10:18:08,MA,352.49,984,buy,NYSE
tx_0006587,2025-06-15 10:18:08,V,218.03,227,buy,NYSE
tx_0009267,2025-06-15 10:18:12,JNJ,167.4,803,sell,NYSE
tx_0008545,2025-06-15 10:18:12,AAPL,149.73,907,buy,
tx_0000001,2025-06-15 10:18:14,WMT,138.8,948,sell,NYSE
tx_0003684,2025-06-15 10:18:14,MCD,252.99,121,sell,NYSE
tx_0003693,2025-06-15 10:18:15,TSLA,698.72,910,buy,NASDAQ
tx_0008728,2025-06-15 10:18:17,MSFT,295.38,355,buy,NASDAQ
tx_0007197,2025-06-15 10:18:17,GOOGL,2828.47,791,sell,NASDAQ
tx_0001200,2025-06-15 10:18:17,TSLA,695.67,547,sell,NASDAQ
tx_0007178,2025-06-15 10:18:18,JNJ,167.82,298,sell,NYSE
tx_0001178,2025-06-15 10:18:20,PEP,148.94,181,sell,NYSE
tx_0000382,2025-06-15 10:18:21,NFLX,495.23,481,buy,NASDAQ
tx_0008958,2025-06-15 10:18:21,MA,348.3,447,sell,NYSE
tx_0004856,2025-06-15 10:18:23,NVDA,201.83,378,buy,NASDAQ
tx_0005389,2025-06-15 10:18:27,PEP,148.9,547,buy,NYSE
tx_0009407,2025-06-15 10:18:30,KO,54.72,756,buy,NYSE
tx_0005328,2025-06-15 10:18:30,PYPL,250.88,680,sell,NASDAQ
tx_0004785,2025-06-15 10:18:33,MA,350.55,693,buy,NYSE
tx_0001828,2025-06-15 10:18:34,PYPL,246.33,509,buy,NASDAQ
tx_0004644,2025-06-15 10:18:35,TSLA,689.27,440,sell,NASDAQ
tx_0008819,2025-06-15 10:18:36,ADBE,601.5,270,buy,NASDAQ
tx_0007789,2025-06-15 10:18:37,AMZN,3463.84,166,sell,NASDAQ
tx_0001008,2025-06-15 10:18:38,ADBE,598.12,952,sell,NASDAQ
tx_0003170,2025-06-15 10:18:38,AMZN,3415.4,805,buy,NASDAQ
tx_0003790,2025-06-15 10:18:38,DIS,183.95,626,buy,NYSE
tx_0006045,2025-06-15 10:18:41,GOOGL,2804.73,961,sell,NASDAQ
tx_0001553,2025-06-15 10:18:51,WMT,141.02,329,buy,NYSE
tx_0005707,2025-06-15 10:18:51,V,217.37,343,buy,NYSE
tx_0005928,2025-06-15 10:18:52,FB,335.38,211,buy,NASDAQ
tx_0008782,2025-06-15 10:18:53,NVDA,201.83,892,buy,NASDAQ
tx_0005368,2025-06-15 10:18:56,MCD,252.92,619,sell,NYSE
tx_0001647,2025-06-15 10:19:00,DIS,183.15,661,buy,NYSE
tx_0002869,2025-06-15 10:19:01,PG,141.03,347,sell,NYSE
tx_0001763,2025-06-15 10:19:02,V,216.53,837,sell,NYSE
tx_0005616,2025-06-15 10:19:03,WMT,140.18,698,buy,
tx_0000104,2025-06-15 10:19:04,DIS,184.62,875,sell,NYSE
tx_0003956,2025-06-15 10:19:07,BRK.B,279.99,893,buy,NYSE
tx_0001726,2025-06-15 10:19:07,ADBE,598.66,937,buy,NASDAQ
tx_0009848,2025-06-15 10:19:08,MCD,249.76,715,sell,NYSE
tx_0008434,2025-06-15 10:19:11,DIS,184.76,188,sell,NYSE
tx_0001057,2025-06-15 10:19:11,V,219.82,564,sell,NYSE
tx_0000922,2025-06-15 10:19:19,KO,55.1,328,sell,NYSE
tx_0007640,2025-06-15 10:19:20,KO,54.96,302,sell,NYSE
tx_0005116,2025-06-15 10:19:23,NFLX,505.54,115,sell,NASDAQ
tx_0004187,2025-06-15 10:19:25,AMZN,3466.07,403,buy,NASDAQ
tx_0007747,2025-06-15 10:19:27,AMZN,3451.91,297,buy,NASDAQ
tx_0000404,2025-06-15 10:19:29,PEP,147.52,799,buy,NYSE
tx_0004814,2025-06-15 10:19:29,V,216.95,281,sell,NYSE
tx_0008296,2025-06-15 10:19:30,TSLA,692.64,315,sell,NASDAQ
tx_0007432,2025-06-15 10:19:32,JNJ,167.39,958,sell,NYSE
tx_0005227,2025-06-15 10:19:32,MCD,249.95,598,buy,NYSE
tx_0004481,2025-06-15 10:19:33,WMT,141.89,934,buy,NYSE
tx_0002732,2025-06-15 10:19:39,PG,140.81,571,sell,NYSE
tx_0003803,2025-06-15 10:19:42,PEP,146.68,513,buy,NYSE
tx_0003405,2025-06-15 10:19:45,PEP,147.51,873,buy,NYSE
tx_0004623,2025-06-15 10:19:46,DIS,182.63,152,buy,NYSE
tx_0001431,2025-06-15 10:19:55,PYPL,250.65,505,buy,NASDAQ
tx_0008501,2025-06-15 10:19:55,FB,334.57,724,sell,NASDAQ
tx_0008546,2025-06-15 10:20:06,AMZN,3440.26,683,sell,NASDAQ
tx_0001790,2025-06-15 10:20:11,V,217.62,758,buy,NYSE
tx_0004022,2025-06-15 10:20:13,DIS,183.19,192,sell,NYSE
tx_0004868,2025-06-15 10:20:13,PEP,148.09,883,buy,NYSE
tx_0008170,2025-06-15 10:20:16,AMZN,3430.3,979,buy,NASDAQ
tx_0001236,2025-06-15 10:20:18,MCD,251.55,421,sell,NYSE
tx_0000457,2025-06-15 10:20:22,AAPL,151.55,442,buy,NASDAQ
tx_0001824,2025-06-15 10:20:22,DIS,182.57,479,sell,NYSE
tx_0000318,2025-06-15 10:20:24,PYPL,251.06,853,sell,NASDAQ
tx_0005947,2025-06-15 10:20:28,WMT,141.56,178,buy,NYSE
tx_0007120,2025-06-15 10:20:30,PYPL,247.12,625,sell,NASDAQ
tx_0002672,2025-06-15 10:20:32,AAPL,151.37,531,sell,NASDAQ
tx_0006740,2025-06-15 10:20:33,PG,142.5,208,buy,NYSE
tx_0005213,2025-06-15 10:20:34,DIS,182.97,377,buy,NYSE
tx_0004521,2025-06-15 10:20:38,JNJ,169.27,657,sell,NYSE
tx_0009707,2025-06-15 10:20:39,V,218.47,419,sell,NYSE
tx_0000657,2025-06-15 10:20:45,DIS,179.9,985,buy,NYSE
tx_0002474,2025-06-15 10:20:46,NFLX,496.25,725,sell,NASDAQ
tx_0002496,2025-06-15 10:20:51,WMT,141.5,897,sell,NYSE
tx_0006007,2025-06-15 10:20:53,MCD,248.59,777,sell,NYSE
tx_0000998,2025-06-15 10:20:54,AAPL,151.99,373,sell,NASDAQ
tx_0001042,2025-06-15 10:20:56,NFLX,498.67,861,sell,NASDAQ
tx_0009034,2025-06-15 10:20:58,DIS,183.19,412,sell,NYSE
tx_0001187,2025-06-15 10:20:58,PEP,148.92,279,buy,NYSE
tx_0005135,2025-06-15 10:20:59,GOOGL,2803.35,232,buy,NASDAQ
tx_0005581,2025-06-15 10:21:01,WMT,139.23,128,sell,NYSE
tx_0009903,2025-06-15 10:21:02,MSFT,299.88,359,buy,NASDAQ
tx_0002374,2025-06-15 10:21:04,ADBE,599.35,861,buy,NASDAQ
tx_0001000,2025-06-15 10:21:04,PYPL,251.16,640,buy,NASDAQ
tx_0002013,2025-06-15 10:21:06,AMZN,3436.27,473,buy,NASDAQ
tx_0006354,2025-06-15 10:21:07,MCD,249.74,932,sell,NYSE
tx_0008232,2025-06-15 10:21:08,MA,356.21,613,buy,NYSE
tx_0009262,2025-06-15 10:21:12,KO,55.02,927,sell,NYSE
tx_0001534,2025-06-15 10:21:13,MA,353.15,396,sell,NYSE
tx_0008969,2025-06-15 10:21:17,NFLX,498.31,313,buy,NASDAQ
tx_0006651,2025-06-15 10:21:21,FB,339.45,633,sell,NASDAQ
tx_0000989,2025-06-15 10:21:22,MCD,252.76,319,buy,NYSE
tx_0004142,2025-06-15 10:21:22,PEP,147.52,856,sell,NYSE
tx_0004761,2025-06-15 10:21:24,NFLX,496.56,285,sell,
tx_0006786,2025-06-15 10:21:24,DIS,180.43,439,buy,NYSE
tx_0002808,2025-06-15 10:21:25,PG,142.62,774,sell,NYSE
tx_0000523,2025-06-15 10:21:31,GOOGL,2841.55,298,buy,NASDAQ
tx_0000138,2025-06-15 10:21:33,WMT,141.26,967,sell,NYSE
tx_0001932,2025-06-15 10:21:35,NVDA,201.91,666,buy,NASDAQ
tx_0009645,2025-06-15 10:21:36,PG,143.42,564,buy,NYSE
tx_0005177,2025-06-15 10:21:39,BRK.B,279.11,466,sell,NYSE
tx_0003161,2025-06-15 10:21:40,KO,54.85,242,sell,NYSE
tx_0009786,2025-06-15 10:21:42,PEP,146.43,508,buy,
tx_0009480,2025-06-15 10:21:47,ADBE,600.16,571,buy,NASDAQ
tx_0004378,2025-06-15 10:21:48,JNJ,170.55,537,buy,NYSE
tx_0008866,2025-06-15 10:21:49,PEP,146.97,950,sell,NYSE
tx_0002030,2025-06-15 10:21:50,AAPL,150.14,516,buy,NASDAQ
tx_0007474,2025-06-15 10:21:58,TSLA,697.52,483,sell,NASDAQ
tx_0000302,2025-06-15 10:22:01,ADBE,600.53,367,sell,NASDAQ
tx_0002465,2025-06-15 10:22:10,MSFT,297.38,588,sell,NASDAQ
tx_0001218,2025-06-15 10:22:14,FB,340.88,234,sell,NASDAQ
tx_0001285,2025-06-15 10:22:17,AAPL,151.27,339,buy,NASDAQ
tx_0000037,2025-06-15 10:22:23,TSLA,691.62,264,buy,NASDAQ
tx_0005028,2025-06-15 10:22:30,FB,334.5,672,sell,NASDAQ
tx_0001195,2025-06-15 10:22:31,GOOGL,2797.5,772,sell,NASDAQ
tx_0004257,2025-06-15 10:22:31,KO,54.78,604,buy,NYSE
tx_0007597,2025-06-15 10:22:31,TSLA,689.78,951,sell,NASDAQ
tx_0006772,2025-06-15 10:22:32,PEP,148.46,884,buy,NYSE
tx_0002883,2025-06-15 10:22:35,GOOGL,2838.94,955,buy,NASDAQ
tx_0006942,2025-06-15 10:22:35,NVDA,202.04,584,sell,NASDAQ
tx_0008915,2025-06-15 10:22:38,NVDA,204.5,989,buy,NASDAQ
tx_0007216,2025-06-15 10:22:42,PG,141.54,555,sell,NYSE
tx_0007868,2025-06-15 10:22:42,MCD,251.94,598,buy,NYSE
tx_0001444,2025-06-15 10:22:46,JNJ,169.36,287,sell,NYSE
tx_0003689,2025-06-15 10:22:47,NFLX,495.7,393,sell,NASDAQ
tx_0004321,2025-06-15 10:22:48,V,217.45,337,sell,NYSE
tx_0000921,2025-06-15 10:22:54,PEP,148.62,514,sell,NYSE
tx_0004415,2025-06-15 10:22:57,NVDA,201.63,290,sell,NASDAQ
tx_0005381,2025-06-15 10:23:01,TSLA,696.77,497,sell,NASDAQ
tx_0006230,2025-06-15 10:23:01,JNJ,169.34,699,buy,NYSE
tx_0000476,2025-06-15 10:23:01,GOOGL,2821.42,263,sell,NASDAQ
tx_0006258,2025-06-15 10:23:02,NVDA,203.7,597,buy,NASDAQ
tx_0007469,2025-06-15 10:23:06,AMZN,3415.24,560,buy,NASDAQ
tx_0007874,2025-06-15 10:23:07,GOOGL,2813.1,880,buy,NASDAQ
tx_0006883,2025-06-15 10:23:08,MCD,248.8,611,buy,NYSE
tx_0000578,2025-06-15 10:23:10,TSLA,689.3,494,sell,NASDAQ
tx_0007546,2025-06-15 10:23:11,TSLA,691.57,622,buy,NASDAQ
tx_0004729,2025-06-15 10:23:12,DIS,181.1,861,buy,NYSE
tx_0006607,2025-06-15 10:23:12,FB,336.25,285,buy,NASDAQ
tx_0003531,2025-06-15 10:23:15,JNJ,169.84,544,sell,NYSE
tx_0004358,2025-06-15 10:23:16,WMT,141.36,842,sell,NYSE
tx_0003742,2025-06-15 10:23:22,ADBE,593.68,900,sell,NASDAQ
tx_0004316,2025-06-15 10:23:24,ADBE,598.51,949,sell,NASDAQ
tx_0003711,2025-06-15 10:23:26,MSFT,297.66,966,buy,NASDAQ
tx_0004837,2025-06-15 10:23:29,MA,348.94,739,sell,NYSE
tx_0006959,2025-06-15 10:23:31,PEP,147.26,533,sell,NYSE
tx_0002455,2025-06-15 10:23:31,MA,353.08,800,sell,NYSE
tx_0001579,2025-06-15 10:23:33,NFLX,502.54,145,buy,NASDAQ
tx_0006929,2025-06-15 10:23:35,DIS,181.66,425,buy,NYSE
tx_0009530,2025-06-15 10:23:38,PEP,146.34,763,buy,NYSE
tx_0000896,2025-06-15 10:23:38,BRK.B,280.62,406,buy,NYSE
tx_0007087,2025-06-15 10:23:39,PYPL,248.02,354,sell,NASDAQ
tx_0001870,2025-06-15 10:23:43,PG,142.8,693,buy,NYSE
tx_0003334,2025-06-15 10:23:43,MA,352.72,290,sell,NYSE
tx_0007347,2025-06-15 10:23:43,GOOGL,2850.87,984,sell,NASDAQ
tx_0006955,2025-06-15 10:23:47,GOOGL,2843.96,433,sell,NASDAQ
tx_0000561,2025-06-15 10:23:48,WMT,139.39,890,sell,NYSE
tx_0001315,2025-06-15 10:23:48,PYPL,249.53,929,buy,NASDAQ
tx_0003349,2025-06-15 10:23:51,PYPL,248.73,558,sell,NASDAQ
tx_0001989,2025-06-15 10:23:51,BRK.B,282.5,336,buy,NYSE
tx_0007805,2025-06-15 10:23:52,ADBE,601.46,196,sell,NASDAQ
tx_0005917,2025-06-15 10:24:00,PYPL,248.03,407,sell,NASDAQ
tx_0005042,2025-06-15 10:24:01,AMZN,3404.99,206,buy,NASDAQ
tx_0008024,2025-06-15 10:24:03,NVDA,202.26,644,sell,NASDAQ
tx_0007689,2025-06-15 10:24:03,MSFT,298.99,610,sell,NASDAQ
tx_0004820,2025-06-15 10:24:04,PEP,147.31,654,buy,NYSE
tx_0000720,2025-06-15 10:24:05,AAPL,151.72,498,buy,NASDAQ
tx_0000515,2025-06-15 10:24:06,PYPL,250.53,887,sell,NASDAQ
tx_0003525,2025-06-15 10:24:07,V,217.93,273,buy,NYSE
tx_0009795,2025-06-15 10:24:07,NFLX,496.45,161,sell,NASDAQ
tx_0007829,2025-06-15 10:24:10,MA,353.64,901,sell,NYSE
tx_0002704,2025-06-15 10:24:10,DIS,180.19,325,sell,NYSE
tx_0006589,2025-06-15 10:24:12,BRK.B,278.2,863,buy,NYSE
tx_0000585,2025-06-15 10:24:12,MCD,247.52,195,sell,NYSE
tx_0007792,2025-06-15 10:24:17,TSLA,689.65,930,sell,NASDAQ
tx_0009422,2025-06-15 10:24:23,MSFT,299.03,128,sell,NASDAQ
tx_0003570,2025-06-15 10:24:26,DIS,181.44,381,buy,NYSE
tx_0003350,2025-06-15 10:24:27,AMZN,3399.4,848,sell,NASDAQ
tx_0003912,2025-06-15 10:24:31,KO,54.95,685,sell,NYSE
tx_0005999,2025-06-15 10:24:32,AAPL,152.49,693,sell,NASDAQ
tx_0001946,2025-06-15 10:24:37,DIS,181.67,993,sell,NYSE
tx_0001902,2025-06-15 10:24:38,PEP,148.47,309,sell,NYSE
tx_0007132,2025-06-15 10:24:41,GOOGL,2869.47,392,sell,
tx_0003077,2025-06-15 10:24:42,JNJ,169.03,781,buy,NYSE
tx_0005938,2025-06-15 10:24:48,PEP,146.37,215,buy,NYSE
tx_0000396,2025-06-15 10:24:49,V,218.76,255,sell,NYSE
tx_0008877,2025-06-15 10:24:50,PYPL,246.5,627,sell,NASDAQ
tx_0007942,2025-06-15 10:24:50,MCD,252.25,365,sell,NYSE
tx_0003369,2025-06-15 10:24:51,FB,341.01,622,sell,NASDAQ
tx_0002411,2025-06-15 10:24:51,AMZN,3402.14,670,sell,NASDAQ
tx_0001546,2025-06-15 10:24:53,MA,355.52,919,buy,NYSE
tx_0005835,2025-06-15 10:24:53,PYPL,245.53,132,buy,NASDAQ
tx_0006311,2025-06-15 10:24:53,GOOGL,2870.83,437,sell,NASDAQ
tx_0006306,2025-06-15 10:24:58,BRK.B,281.55,106,sell,NYSE
tx_0004377,2025-06-15 10:25:01,NFLX,491.67,910,buy,NASDAQ
tx_0003499,2025-06-15 10:25:01,WMT,139.12,646,sell,NYSE
tx_0003552,2025-06-15 10:25:03,TSLA,689.36,538,buy,NASDAQ
tx_0005391,2025-06-15 10:25:03,MSFT,299.52,914,buy,NASDAQ
tx_0008461,2025-06-15 10:25:03,FB,344.13,954,buy,NASDAQ
tx_0002761,2025-06-15 10:25:04,V,217.32,627,sell,NYSE
tx_0009725,2025-06-15 10:25:05,PG,141.75,545,buy,NYSE
tx_0006965,2025-06-15 10:25:11,MCD,252.67,995,buy,NYSE
tx_0005284,2025-06-15 10:25:15,BRK.B,280.69,812,sell,NYSE
tx_0008142,2025-06-15 10:25:19,PEP,146.66,172,sell,NYSE
tx_0004804,2025-06-15 10:25:20,V,215.42,765,sell,NYSE
tx_0006622,2025-06-15 10:25:20,ADBE,597.04,494,buy,NASDAQ
tx_0006761,2025-06-15 10:25:20,GOOGL,2870.97,338,buy,NASDAQ
tx_0002758,2025-06-15 10:25:21,AMZN,3412.85,598,sell,NASDAQ
tx_0007573,2025-06-15 10:25:28,BRK.B,278.26,964,buy,NYSE
tx_0009054,2025-06-15 10:25:30,BRK.B,282.62,489,sell,NYSE
tx_0001004,2025-06-15 10:25:33,GOOGL,2857.27,273,buy,NASDAQ
tx_0003254,2025-06-15 10:25:36,MCD,248.86,278,buy,NYSE
tx_0004452,2025-06-15 10:25:39,MSFT,299.93,907,sell,NASDAQ
tx_0007698,2025-06-15 10:25:41,V,217.01,799,buy,NYSE
tx_0001778,2025-06-15 10:25:42,AMZN,3427.81,403,sell,NASDAQ
tx_0009403,2025-06-15 10:25:43,PEP,148.32,170,sell,NYSE
tx_0007568,2025-06-15 10:25:44,PG,141.99,548,buy,NYSE
tx_0001483,2025-06-15 10:25:44,MA,356.65,300,buy,NYSE
tx_0000500,2025-06-15 10:25:45,PYPL,248.88,119,sell,NASDAQ
tx_0005873,2025-06-15 10:25:50,AMZN,3409.33,566,buy,NASDAQ
tx_0001859,2025-06-15 10:25:50,MCD,,224,buy,NYSE
tx_0007138,2025-06-15 10:25:51,V,216.03,791,sell,NYSE
tx_0006654,2025-06-15 10:25:51,AMZN,3398.46,311,sell,NASDAQ
tx_0009928,2025-06-15 10:25:52,KO,54.49,955,sell,NYSE
tx_0009719,2025-06-15 10:25:53,KO,55.18,940,sell,NYSE
tx_0004801,2025-06-15 10:25:55,AAPL,149.95,644,buy,NASDAQ
tx_0001021,2025-06-15 10:25:55,GOOGL,2885.56,895,buy,NASDAQ
tx_0003557,2025-06-15 10:25:58,PYPL,244.92,543,buy,NASDAQ
tx_0004858,2025-06-15 10:26:00,V,216.45,470,sell,NYSE
tx_0002793,2025-06-15 10:26:00,NVDA,199.31,832,buy,NASDAQ
tx_0007835,2025-06-15 10:26:00,BRK.B,279.56,188,buy,NYSE
tx_0001411,2025-06-15 10:26:04,AMZN,3429.05,544,sell,NASDAQ
tx_0008658,2025-06-15 10:26:08,MA,358.25,862,buy,NYSE
tx_0008323,2025-06-15 10:26:08,PYPL,247.2,879,sell,NASDAQ
tx_0006533,2025-06-15 10:26:08,AAPL,150.18,428,buy,NASDAQ
tx_0001858,2025-06-15 10:26:13,BRK.B,277.59,764,sell,NYSE
tx_0006156,2025-06-15 10:26:19,FB,342.41,712,buy,NASDAQ
tx_0007318,2025-06-15 10:26:25,MA,358.01,462,buy,NYSE
tx_0008988,2025-06-15 10:26:25,V,214.63,482,buy,NYSE
tx_0008110,2025-06-15 10:26:26,DIS,180.71,225,buy,NYSE
tx_0009106,2025-06-15 10:26:29,MCD,249.84,485,buy,NYSE
tx_0004281,2025-06-15 10:26:36,NFLX,498.27,207,buy,NASDAQ
tx_0009091,2025-06-15 10:26:39,DIS,182.16,487,buy,NYSE
tx_0007674,2025-06-15 10:26:39,FB,341.24,562,sell,NASDAQ
tx_0007390,2025-06-15 10:26:43,WMT,141.68,162,buy,NYSE
tx_0004792,2025-06-15 10:26:47,ADBE,597.05,135,sell,NASDAQ
tx_0009957,2025-06-15 10:26:50,BRK.B,281.78,147,buy,NYSE
tx_0003696,2025-06-15 10:26:52,PEP,147.08,240,sell,NYSE
tx_0003572,2025-06-15 10:26:53,NVDA,199.44,614,sell,NASDAQ
tx_0009429,2025-06-15 10:27:00,BRK.B,,989,buy,NYSE
tx_0006120,2025-06-15 10:27:00,JNJ,170.96,928,sell,NYSE
tx_0004853,2025-06-15 10:27:05,NFLX,503.68,877,buy,NASDAQ
tx_0000575,2025-06-15 10:27:05,V,214.93,742,sell,NYSE
tx_0001015,2025-06-15 10:27:06,FB,341.54,1000,sell,NASDAQ
tx_0004628,2025-06-15 10:27:10,DIS,183.96,810,buy,NYSE
tx_0004656,2025-06-15 10:27:10,WMT,140.31,574,sell,NYSE
tx_0008327,2025-06-15 10:27:11,ADBE,597.32,354,buy,NASDAQ
tx_0003957,2025-06-15 10:27:14,FB,342.89,337,buy,NASDAQ
tx_0006349,2025-06-15 10:27:15,NVDA,202.23,331,buy,NASDAQ
tx_0006851,2025-06-15 10:27:17,WMT,141.63,761,buy,NYSE
tx_0000157,2025-06-15 10:27:29,NVDA,200.78,471,sell,NASDAQ
tx_0004555,2025-06-15 10:27:30,GOOGL,2850.0,546,sell,NASDAQ
tx_0001638,2025-06-15 10:27:32,V,213.87,793,sell,NYSE
tx_0009778,2025-06-15 10:27:32,MA,352.99,874,sell,NYSE
tx_0008567,2025-06-15 10:27:41,MSFT,300.87,566,buy,NASDAQ
tx_0007344,2025-06-15 10:27:44,AMZN,3401.24,265,sell,NASDAQ
tx_0006429,2025-06-15 10:27:45,AMZN,3418.13,824,sell,NASDAQ
tx_0002167,2025-06-15 10:27:46,AMZN,3405.73,172,sell,NASDAQ
tx_0002708,2025-06-15 10:27:49,MA,351.04,695,sell,NYSE
tx_0006981,2025-06-15 10:27:50,GOOGL,2842.28,477,sell,NASDAQ
tx_0003396,2025-06-15 10:27:53,AAPL,149.77,526,sell,NASDAQ
tx_0007717,2025-06-15 10:27:53,TSLA,695.55,925,sell,NASDAQ
tx_0006989,2025-06-15 10:27:56,KO,55.12,826,buy,NYSE
tx_0009038,2025-06-15 10:27:59,AMZN,3409.76,686,buy,NASDAQ
tx_0003272,2025-06-15 10:28:00,AAPL,152.19,183,buy,NASDAQ
tx_0003656,2025-06-15 10:28:01,NVDA,200.93,555,buy,NASDAQ
tx_0004987,2025-06-15 10:28:02,NVDA,200.13,568,buy,NASDAQ
tx_0002649,2025-06-15 10:28:04,MA,354.47,555,buy,NYSE
tx_0000663,2025-06-15 10:28:04,PG,143.2,210,sell,NYSE
tx_0007683,2025-06-15 10:28:16,NFLX,500.99,126,sell,NASDAQ
tx_0002424,2025-06-15 10:28:16,FB,339.19,680,sell,NASDAQ
tx_0000584,2025-06-15 10:28:20,PG,140.81,190,sell,NYSE
tx_0004753,2025-06-15 10:28:20,DIS,180.26,574,sell,
tx_0002563,2025-06-15 10:28:21,PYPL,249.13,618,sell,NASDAQ
tx_0007246,2025-06-15 10:28:22,V,214.12,704,buy,NYSE
tx_0007788,2025-06-15 10:28:23,DIS,182.06,440,sell,NYSE
tx_0006100,2025-06-15 10:28:28,DIS,183.41,232,sell,NYSE
tx_0000436,2025-06-15 10:28:30,NFLX,494.91,547,buy,NASDAQ
tx_0004444,2025-06-15 10:28:30,V,216.79,777,sell,NYSE
tx_0005962,2025-06-15 10:28:31,NFLX,501.51,202,buy,NASDAQ
tx_0009549,2025-06-15 10:28:37,PYPL,247.16,841,buy,NASDAQ
tx_0001855,2025-06-15 10:28:40,PYPL,246.14,301,buy,NASDAQ
tx_0002682,2025-06-15 10:28:41,NFLX,497.85,111,sell,NASDAQ
tx_0005095,2025-06-15 10:28:42,V,213.61,218,sell,NYSE
tx_0000823,2025-06-15 10:28:45,WMT,140.15,261,sell,NYSE
tx_0003627,2025-06-15 10:28:46,TSLA,705.71,273,buy,NASDAQ
tx_0006339,2025-06-15 10:28:47,PEP,146.99,719,buy,NYSE
tx_0009606,2025-06-15 10:29:00,FB,339.8,434,buy,NASDAQ
tx_0007827,2025-06-15 10:29:08,V,214.42,659,buy,NYSE
tx_0006678,2025-06-15 10:29:14,GOOGL,2814.01,118,buy,NASDAQ
tx_0005220,2025-06-15 10:29:15,TSLA,702.92,920,,NASDAQ
tx_0003139,2025-06-15 10:29:16,FB,342.47,593,sell,NASDAQ
tx_0004336,2025-06-15 10:29:18,AMZN,3415.97,369,buy,NASDAQ
tx_0000518,2025-06-15 10:29:22,PYPL,248.92,616,buy,NASDAQ
tx_0007045,2025-06-15 10:29:23,BRK.B,281.21,364,buy,NYSE
tx_0003721,2025-06-15 10:29:24,KO,55.18,131,buy,NYSE
tx_0009672,2025-06-15 10:29:30,MSFT,303.36,757,buy,NASDAQ
tx_0006278,2025-06-15 10:29:31,WMT,140.78,691,buy,NYSE
tx_0009489,2025-06-15 10:29:33,MSFT,303.37,523,buy,NASDAQ
tx_0008279,2025-06-15 10:29:37,PEP,146.59,791,buy,NYSE
tx_0000714,2025-06-15 10:29:39,GOOGL,2828.18,423,sell,NASDAQ
tx_0001531,2025-06-15 10:29:41,GOOGL,2805.39,895,sell,NASDAQ
tx_0006689,2025-06-15 10:29:44,NFLX,506.21,546,sell,NASDAQ
tx_0006206,2025-06-15 10:29:44,PYPL,248.49,382,sell,NASDAQ
tx_0000886,2025-06-15 10:29:45,TSLA,696.67,724,sell,NASDAQ
tx_0003823,2025-06-15 10:29:48,AMZN,3384.8,104,buy,NASDAQ
tx_0004065,2025-06-15 10:29:51,PEP,147.58,531,sell,NYSE
tx_0005910,2025-06-15 10:29:52,NFLX,497.72,796,buy,NASDAQ
tx_0004789,2025-06-15 10:29:55,ADBE,599.48,934,buy,NASDAQ
tx_0007219,2025-06-15 10:29:55,MA,351.65,298,sell,NYSE
tx_0002306,2025-06-15 10:29:55,FB,340.22,290,sell,NASDAQ
tx_0008288,2025-06-15 10:29:56,AMZN,3388.46,278,buy,NASDAQ
tx_0005226,2025-06-15 10:29:56,TSLA,709.67,150,sell,NASDAQ
tx_0005026,2025-06-15 10:30:01,PEP,146.56,945,sell,NYSE
tx_0005398,2025-06-15 10:30:03,NFLX,502.57,541,sell,NASDAQ
tx_0000629,2025-06-15 10:30:03,AMZN,3425.37,954,sell,NASDAQ
tx_0008334,2025-06-15 10:30:03,V,215.66,263,buy,NYSE
tx_0005245,2025-06-15 10:30:04,MA,351.65,489,sell,NYSE
tx_0002070,2025-06-15 10:30:05,TSLA,702.96,484,buy,NASDAQ
tx_0004647,2025-06-15 10:30:07,PG,140.47,528,sell,NYSE
tx_0009139,2025-06-15 10:30:08,NVDA,201.5,463,buy,NASDAQ
tx_0006472,2025-06-15 10:30:09,PEP,147.98,347,sell,NYSE
tx_0009142,2025-06-15 10:30:10,V,215.73,345,buy,NYSE
tx_0005416,2025-06-15 10:30:12,MCD,247.3,715,sell,NYSE
tx_0006453,2025-06-15 10:30:12,BRK.B,280.17,762,sell,NYSE
tx_0003619,2025-06-15 10:30:13,FB,341.09,967,buy,NASDAQ
tx_0009998,2025-06-15 10:30:14,FB,339.79,936,sell,NASDAQ
tx_0009627,2025-06-15 10:30:14,MCD,247.61,148,sell,NYSE
tx_0007754,2025-06-15 10:30:15,DIS,181.88,949,buy,NYSE
tx_0002350,2025-06-15 10:30:16,NVDA,199.33,953,buy,NASDAQ
tx_0008675,2025-06-15 10:30:21,MCD,251.19,762,sell,NYSE
tx_0006466,2025-06-15 10:30:23,MA,356.65,372,sell,NYSE
tx_0009816,2025-06-15 10:30:26,GOOGL,2841.0,146,sell,NASDAQ
tx_0003323,2025-06-15 10:30:30,ADBE,592.84,600,sell,NASDAQ
tx_0004364,2025-06-15 10:30:32,GOOGL,2804.05,964,sell,NASDAQ
tx_0006232,2025-06-15 10:30:32,TSLA,697.26,184,sell,NASDAQ
tx_0008075,2025-06-15 10:30:34,MCD,250.19,720,sell,NYSE
tx_0005392,2025-06-15 10:30:35,DIS,180.89,952,sell,NYSE
tx_0005040,2025-06-15 10:30:37,MA,354.39,651,buy,NYSE
tx_0002016,2025-06-15 10:30:43,DIS,182.85,268,buy,NYSE
tx_0009748,2025-06-15 10:30:44,MSFT,304.62,462,sell,NASDAQ
tx_0000149,2025-06-15 10:30:49,FB,337.58,691,sell,NASDAQ
tx_0003215,2025-06-15 10:30:50,PYPL,246.76,110,sell,NASDAQ
tx_0008588,2025-06-15 10:30:55,GOOGL,2787.88,768,sell,NASDAQ
tx_0002219,2025-06-15 10:30:56,MSFT,303.97,100,sell,NASDAQ
tx_0002540,2025-06-15 10:30:59,V,217.61,188,buy,NYSE
tx_0000047,2025-06-15 10:31:07,NFLX,503.11,830,sell,NASDAQ
tx_0001874,2025-06-15 10:31:13,BRK.B,279.12,891,,NYSE
tx_0001631,2025-06-15 10:31:13,AMZN,3381.97,233,sell,NASDAQ
tx_0007389,2025-06-15 10:31:13,NVDA,199.94,812,buy,NASDAQ
tx_0009975,2025-06-15 10:31:18,PYPL,243.61,672,buy,NASDAQ
tx_0007288,2025-06-15 10:31:19,NFLX,501.6,380,sell,NASDAQ
tx_0004658,2025-06-15 10:31:21,KO,54.87,884,sell,NYSE
tx_0004736,2025-06-15 10:31:22,JNJ,170.59,517,sell,NYSE
tx_0002031,2025-06-15 10:31:23,ADBE,592.29,551,sell,NASDAQ
tx_0004838,2025-06-15 10:31:24,BRK.B,279.64,118,buy,NYSE
tx_0003177,2025-06-15 10:31:24,MA,354.28,766,buy,NYSE
tx_0007026,2025-06-15 10:31:25,ADBE,587.94,312,sell,NASDAQ
tx_0003125,2025-06-15 10:31:27,TSLA,694.78,588,sell,NASDAQ
tx_0005802,2025-06-15 10:31:32,NFLX,498.4,865,buy,NASDAQ
tx_0002203,2025-06-15 10:31:35,MCD,249.0,172,sell,NYSE
tx_0005331,2025-06-15 10:31:47,PEP,146.51,545,sell,NYSE
tx_0004696,2025-06-15 10:31:48,BRK.B,277.75,277,sell,NYSE
tx_0007123,2025-06-15 10:31:50,V,218.27,450,buy,NYSE
tx_0009060,2025-06-15 10:31:51,NFLX,499.13,785,buy,NASDAQ
tx_0006547,2025-06-15 10:31:54,FB,343.52,773,sell,NASDAQ
tx_0009527,2025-06-15 10:31:54,AMZN,,305,sell,NASDAQ
tx_0003302,2025-06-15 10:31:57,JNJ,167.55,694,sell,NYSE
tx_0003859,2025-06-15 10:31:58,ADBE,597.48,766,sell,NASDAQ
tx_0009168,2025-06-15 10:32:06,PYPL,242.62,626,buy,NASDAQ
tx_0001996,2025-06-15 10:32:08,ADBE,596.12,687,buy,NASDAQ
tx_0004780,2025-06-15 10:32:09,DIS,182.93,474,buy,NYSE
tx_0005819,2025-06-15 10:32:10,BRK.B,278.68,526,buy,NYSE
tx_0009134,2025-06-15 10:32:13,BRK.B,279.77,842,buy,NYSE
tx_0001224,2025-06-15 10:32:14,TSLA,697.28,682,buy,NASDAQ
tx_0007483,2025-06-15 10:32:15,MSFT,300.07,713,sell,NASDAQ
tx_0002990,2025-06-15 10:32:15,ADBE,595.21,754,sell,NASDAQ
tx_0005248,2025-06-15 10:32:19,MSFT,302.53,828,sell,NASDAQ
tx_0007093,2025-06-15 10:32:19,PEP,146.73,208,buy,NYSE
tx_0003176,2025-06-15 10:32:20,TSLA,708.4,204,buy,NASDAQ
tx_0009609,2025-06-15 10:32:20,PYPL,243.72,357,buy,NASDAQ
tx_0004328,2025-06-15 10:32:21,PYPL,245.25,347,sell,NASDAQ
tx_0001204,2025-06-15 10:32:21,PG,142.34,454,buy,NYSE
tx_0001833,2025-06-15 10:32:22,WMT,140.64,867,buy,NYSE
tx_0003755,2025-06-15 10:32:24,WMT,138.84,186,sell,NYSE
tx_0006356,2025-06-15 10:32:26,DIS,182.91,723,buy,NYSE
tx_0004979,2025-06-15 10:32:28,PYPL,245.05,406,sell,NASDAQ
tx_0002795,2025-06-15 10:32:34,PYPL,244.47,495,sell,NASDAQ
tx_0005893,2025-06-15 10:32:36,DIS,182.86,900,buy,NYSE
tx_0007276,2025-06-15 10:32:39,PG,141.78,763,buy,NYSE
tx_0003070,2025-06-15 10:32:39,AAPL,149.52,788,buy,NASDAQ
tx_0007241,2025-06-15 10:32:42,MSFT,299.55,560,sell,NASDAQ
tx_0004720,2025-06-15 10:32:45,NVDA,199.83,763,sell,NASDAQ
tx_0002457,2025-06-15 10:32:45,MCD,251.48,400,buy,NYSE
tx_0004747,2025-06-15 10:32:45,NFLX,498.84,270,sell,NASDAQ
tx_0004365,2025-06-15 10:32:46,MA,353.92,108,buy,NYSE
tx_0009797,2025-06-15 10:32:47,ADBE,590.39,959,sell,NASDAQ
tx_0002041,2025-06-15 10:32:49,NVDA,200.11,828,buy,NASDAQ
tx_0009702,2025-06-15 10:32:51,PG,141.56,408,buy,NYSE
tx_0005089,2025-06-15 10:32:54,MCD,252.18,485,sell,NYSE
tx_0003480,2025-06-15 10:32:55,DIS,180.73,582,sell,NYSE
tx_0004193,2025-06-15 10:33:15,TSLA,706.97,371,buy,NASDAQ
tx_0008151,2025-06-15 10:33:18,NFLX,502.61,135,buy,NASDAQ
tx_0005125,2025-06-15 10:33:22,BRK.B,282.72,255,sell,NYSE
tx_0005857,2025-06-15 10:33:24,BRK.B,278.18,550,buy,NYSE
tx_0001691,2025-06-15 10:33:26,GOOGL,2828.12,135,buy,NASDAQ
tx_0009642,2025-06-15 10:33:33,NFLX,500.12,977,buy,NASDAQ
tx_0006785,2025-06-15 10:33:35,GOOGL,2827.71,376,sell,NASDAQ
tx_0006764,2025-06-15 10:33:37,GOOGL,2824.83,500,sell,NASDAQ
tx_0009105,2025-06-15 10:33:39,FB,341.28,620,buy,NASDAQ
tx_0002646,2025-06-15 10:33:41,MCD,250.71,521,sell,NYSE
tx_0007599,2025-06-15 10:33:42,MCD,250.58,143,buy,NYSE
tx_0009327,2025-06-15 10:33:43,DIS,181.86,596,buy,NYSE
tx_0006390,2025-06-15 10:33:44,PEP,147.3,226,buy,NYSE
tx_0008926,2025-06-15 10:33:45,AMZN,3388.35,529,buy,NASDAQ
tx_0006330,2025-06-15 10:33:48,AMZN,3387.5,113,buy,NASDAQ
tx_0006106,2025-06-15 10:33:53,NFLX,506.38,964,sell,NASDAQ
tx_0008490,2025-06-15 10:33:54,GOOGL,2831.95,743,buy,NASDAQ
tx_0006327,2025-06-15 10:33:55,GOOGL,2791.78,361,sell,NASDAQ
tx_0007302,2025-06-15 10:33:56,FB,339.98,236,sell,NASDAQ
tx_0004930,2025-06-15 10:33:57,MCD,251.79,490,buy,NYSE
tx_0001419,2025-06-15 10:33:59,PEP,147.91,367,sell,NYSE
tx_0009108,2025-06-15 10:34:01,ADBE,589.01,986,sell,NASDAQ
tx_0003084,2025-06-15 10:34:03,JNJ,168.01,415,sell,NYSE
tx_0000521,2025-06-15 10:34:05,NVDA,198.36,772,sell,NASDAQ
tx_0005744,2025-06-15 10:34:08,ADBE,590.64,537,sell,NASDAQ
tx_0001276,2025-06-15 10:34:08,MA,358.12,959,sell,NYSE
tx_0002774,2025-06-15 10:34:09,NVDA,198.44,104,buy,NASDAQ
tx_0004353,2025-06-15 10:34:12,NFLX,502.37,544,buy,NASDAQ
tx_0000621,2025-06-15 10:34:15,BRK.B,283.29,821,buy,NYSE
tx_0000311,2025-06-15 10:34:19,MSFT,297.47,239,sell,NASDAQ
tx_0007720,2025-06-15 10:34:31,MCD,250.92,165,sell,NYSE
tx_0006253,2025-06-15 10:34:32,DIS,182.82,610,buy,NYSE
tx_0005189,2025-06-15 10:34:32,GOOGL,2835.1,943,sell,NASDAQ
tx_0009532,2025-06-15 10:34:32,AAPL,148.17,399,sell,NASDAQ
tx_0002327,2025-06-15 10:34:32,DIS,182.93,448,sell,NYSE
tx_0003594,2025-06-15 10:34:37,KO,55.8,119,sell,NYSE
tx_0002469,2025-06-15 10:34:38,GOOGL,2817.25,744,buy,NASDAQ
tx_0006108,2025-06-15 10:34:48,PG,140.11,919,sell,NYSE
tx_0000698,2025-06-15 10:34:49,V,216.72,417,buy,NYSE
tx_0009055,2025-06-15 10:34:52,MSFT,301.95,370,sell,NASDAQ
tx_0008536,2025-06-15 10:34:54,V,215.45,286,buy,NYSE
tx_0000914,2025-06-15 10:34:56,FB,344.16,296,buy,NASDAQ
tx_0004874,2025-06-15 10:34:58,PG,140.64,846,buy,NYSE
tx_0009385,2025-06-15 10:34:58,BRK.B,282.29,244,sell,NYSE
tx_0001420,2025-06-15 10:34:58,MA,353.56,954,buy,NYSE
tx_0009330,2025-06-15 10:35:08,PYPL,243.72,305,sell,NASDAQ
tx_0003143,2025-06-15 10:35:10,ADBE,600.84,423,buy,NASDAQ
tx_0009519,2025-06-15 10:35:18,DIS,182.61,303,buy,NYSE
tx_0008069,2025-06-15 10:35:23,NVDA,201.88,102,sell,NASDAQ
tx_0004319,2025-06-15 10:35:27,MA,354.61,265,sell,NYSE
tx_0002488,2025-06-15 10:35:29,PYPL,243.5,870,buy,NASDAQ
tx_0004466,2025-06-15 10:35:29,BRK.B,283.25,631,sell,NYSE
tx_0002193,2025-06-15 10:35:29,MSFT,297.67,273,sell,NASDAQ
tx_0005267,2025-06-15 10:35:30,NFLX,496.98,166,sell,NASDAQ
tx_0003065,2025-06-15 10:35:30,PG,138.99,171,sell,NYSE
tx_0009858,2025-06-15 10:35:31,MCD,248.15,308,sell,NYSE
tx_0006844,2025-06-15 10:35:33,PYPL,244.77,904,buy,NASDAQ
tx_0007815,2025-06-15 10:35:33,NFLX,497.9,600,buy,NASDAQ
tx_0005086,2025-06-15 10:35:35,WMT,138.94,505,sell,NYSE
tx_0002115,2025-06-15 10:35:35,AAPL,149.01,309,buy,NASDAQ
tx_0003978,2025-06-15 10:35:38,TSLA,705.83,384,sell,NASDAQ
tx_0006418,2025-06-15 10:35:39,AMZN,3410.19,567,sell,NASDAQ
