transaction_id,timestamp,stock_symbol,price,quantity,order_type,exchange
tx_0006825,2025-06-18 09:30:00,PYPL,247.75,742,buy,NASDAQ
tx_0001376,2025-06-18 09:30:02,PG,141.06,387,buy,NYSE
tx_0003114,2025-06-18 09:30:02,FB,332.45,208,buy,NASDAQ
tx_0007111,2025-06-18 09:30:03,GOOGL,2779.85,829,buy,NASDAQ
tx_0003872,2025-06-18 09:30:04,DIS,178.75,454,buy,NYSE
tx_0004948,2025-06-18 09:30:07,ADBE,595.13,469,sell,NASDAQ
tx_0009765,2025-06-18 09:30:09,MCD,250.05,406,sell,NYSE
tx_0004630,2025-06-18 09:30:09,MA,350.08,355,buy,NYSE
tx_0006857,2025-06-18 09:30:11,V,220.09,635,sell,NYSE
tx_0009710,2025-06-18 09:30:13,FB,330.22,736,sell,NASDAQ
tx_0004338,2025-06-18 09:30:13,WMT,140.02,784,sell,NYSE
tx_0003236,2025-06-18 09:30:14,FB,327.24,394,buy,NASDAQ
tx_0007985,2025-06-18 09:30:15,MA,352.33,401,sell,NYSE
tx_0007406,2025-06-18 09:30:15,ADBE,596.09,563,sell,NASDAQ
tx_0004240,2025-06-18 09:30:16,ADBE,595.93,764,sell,NASDAQ
tx_0000987,2025-06-18 09:30:17,AAPL,149.03,881,sell,NASDAQ
tx_0007101,2025-06-18 09:30:27,AAPL,148.6,127,sell,NASDAQ
tx_0003284,2025-06-18 09:30:27,JNJ,169.99,129,buy,NYSE
tx_0002485,2025-06-18 09:30:28,WMT,140.79,455,sell,NYSE
tx_0007182,2025-06-18 09:30:29,TSLA,699.44,551,sell,NASDAQ
tx_0001497,2025-06-18 09:30:30,V,218.69,302,sell,NYSE
tx_0009242,2025-06-18 09:30:31,V,220.6,743,buy,
tx_0009154,2025-06-18 09:30:35,MA,349.82,204,buy,NYSE
tx_0007293,2025-06-18 09:30:35,KO,55.17,982,buy,NYSE
tx_0002588,2025-06-18 09:30:36,GOOGL,2776.28,686,buy,NASDAQ
tx_0003271,2025-06-18 09:30:37,ADBE,604.68,212,sell,NASDAQ
tx_0007734,2025-06-18 09:30:38,PEP,149.9,311,sell,NYSE
tx_0001416,2025-06-18 09:30:39,PEP,150.11,735,sell,NYSE
tx_0005993,2025-06-18 09:30:40,NFLX,496.37,991,buy,NASDAQ
tx_0004452,2025-06-18 09:30:43,GOOGL,2767.46,218,sell,NASDAQ
tx_0007038,2025-06-18 09:30:44,NVDA,198.83,644,buy,NASDAQ
tx_0006837,2025-06-18 09:30:45,MSFT,301.79,608,sell,NASDAQ
tx_0001209,2025-06-18 09:30:46,DIS,178.11,262,buy,NYSE
tx_0008446,2025-06-18 09:30:47,NVDA,198.92,776,buy,NASDAQ
tx_0002242,2025-06-18 09:30:48,PEP,151.2,312,sell,NYSE
tx_0005336,2025-06-18 09:30:50,PEP,149.87,103,buy,NYSE
tx_0003500,2025-06-18 09:30:55,WMT,141.08,638,sell,NYSE
tx_0006554,2025-06-18 09:30:59,FB,326.36,245,sell,NASDAQ
tx_0002601,2025-06-18 09:31:01,BRK.B,278.49,809,buy,NYSE
tx_0006548,2025-06-18 09:31:02,KO,55.37,770,sell,NYSE
tx_0000981,2025-06-18 09:31:03,KO,54.5,954,buy,NYSE
tx_0003511,2025-06-18 09:31:04,JNJ,171.01,171,sell,NYSE
tx_0005237,2025-06-18 09:31:04,AMZN,3451.26,889,sell,NASDAQ
tx_0007281,2025-06-18 09:31:08,ADBE,600.98,110,sell,NASDAQ
tx_0008736,2025-06-18 09:31:14,NFLX,499.98,431,buy,NASDAQ
tx_0008185,2025-06-18 09:31:17,V,220.11,190,sell,NYSE
tx_0003101,2025-06-18 09:31:19,TSLA,704.69,760,sell,NASDAQ
tx_0005640,2025-06-18 09:31:20,ADBE,606.57,877,sell,NASDAQ
tx_0001247,2025-06-18 09:31:24,MSFT,302.0,353,sell,NASDAQ
tx_0006707,2025-06-18 09:31:25,PYPL,249.12,602,buy,NASDAQ
tx_0005723,2025-06-18 09:31:25,V,221.02,688,sell,NYSE
tx_0001224,2025-06-18 09:31:28,TSLA,698.76,122,sell,
tx_0000889,2025-06-18 09:31:32,PG,139.15,396,buy,NYSE
tx_0006993,2025-06-18 09:31:34,DIS,179.17,638,sell,NYSE
tx_0005903,2025-06-18 09:31:36,GOOGL,2799.61,647,buy,NASDAQ
tx_0004155,2025-06-18 09:31:37,KO,54.9,232,buy,NYSE
tx_0004857,2025-06-18 09:31:38,TSLA,708.59,473,buy,NASDAQ
tx_0003752,2025-06-18 09:31:39,DIS,178.0,332,sell,NYSE
tx_0007179,2025-06-18 09:31:39,WMT,140.4,642,sell,NYSE
tx_0005690,2025-06-18 09:31:44,PG,140.48,822,sell,NYSE
tx_0006594,2025-06-18 09:31:46,GOOGL,2757.78,790,buy,NASDAQ
tx_0002347,2025-06-18 09:31:50,WMT,140.79,438,buy,NYSE
tx_0001089,2025-06-18 09:31:59,PEP,149.19,578,buy,NYSE
tx_0005880,2025-06-18 09:32:06,DIS,178.97,995,sell,NYSE
tx_0006812,2025-06-18 09:32:06,AMZN,3458.81,129,buy,NASDAQ
tx_0001938,2025-06-18 09:32:10,JNJ,171.38,593,buy,NYSE
tx_0008415,2025-06-18 09:32:11,PG,139.11,172,buy,NYSE
tx_0003504,2025-06-18 09:32:16,NVDA,199.2,996,sell,NASDAQ
tx_0007354,2025-06-18 09:32:18,FB,328.49,471,buy,NASDAQ
tx_0002881,2025-06-18 09:32:18,NFLX,504.28,533,buy,NASDAQ
tx_0007998,2025-06-18 09:32:18,PYPL,248.07,514,buy,NASDAQ
tx_0008689,2025-06-18 09:32:18,WMT,140.99,823,sell,NYSE
tx_0006609,2025-06-18 09:32:19,NVDA,202.9,906,sell,NASDAQ
tx_0006714,2025-06-18 09:32:20,ADBE,597.46,699,buy,NASDAQ
tx_0009595,2025-06-18 09:32:22,TSLA,709.36,720,sell,NASDAQ
tx_0000546,2025-06-18 09:32:23,MA,349.38,253,buy,NYSE
tx_0002779,2025-06-18 09:32:26,MSFT,299.02,284,buy,NASDAQ
tx_0001002,2025-06-18 09:32:30,PYPL,247.21,909,buy,NASDAQ
tx_0009104,2025-06-18 09:32:31,MCD,250.32,598,buy,NYSE
tx_0001953,2025-06-18 09:32:32,MCD,249.09,967,buy,NYSE
tx_0000401,2025-06-18 09:32:32,DIS,179.01,745,buy,NYSE
tx_0008638,2025-06-18 09:32:33,AMZN,3496.88,535,sell,NASDAQ
tx_0007678,2025-06-18 09:32:33,FB,332.12,393,buy,NASDAQ
tx_0001521,2025-06-18 09:32:34,ADBE,609.52,383,buy,NASDAQ
tx_0004755,2025-06-18 09:32:35,AAPL,150.64,525,sell,NASDAQ
tx_0000910,2025-06-18 09:32:35,NVDA,198.24,783,buy,NASDAQ
tx_0007523,2025-06-18 09:32:35,BRK.B,281.48,513,buy,NYSE
tx_0007020,2025-06-18 09:32:36,BRK.B,279.01,143,sell,NYSE
tx_0000031,2025-06-18 09:32:38,BRK.B,282.77,614,sell,NYSE
tx_0009776,2025-06-18 09:32:40,MCD,248.93,377,sell,NYSE
tx_0004976,2025-06-18 09:32:43,WMT,141.2,803,buy,NYSE
tx_0007544,2025-06-18 09:32:45,V,221.31,880,buy,NYSE
tx_0006155,2025-06-18 09:32:48,GOOGL,2766.8,152,buy,NASDAQ
tx_0009518,2025-06-18 09:32:52,PG,138.53,492,buy,NYSE
tx_0000422,2025-06-18 09:32:53,MCD,246.91,202,buy,NYSE
tx_0001448,2025-06-18 09:32:58,PYPL,249.89,748,buy,NASDAQ
tx_0002061,2025-06-18 09:33:00,PYPL,248.59,946,buy,NASDAQ
tx_0001450,2025-06-18 09:33:01,DIS,179.69,777,sell,NYSE
tx_0005444,2025-06-18 09:33:04,MCD,247.52,345,buy,NYSE
tx_0001797,2025-06-18 09:33:09,MCD,246.58,560,buy,NYSE
tx_0000849,2025-06-18 09:33:15,PG,137.55,633,buy,NYSE
tx_0005243,2025-06-18 09:33:17,PEP,151.47,114,sell,NYSE
tx_0009618,2025-06-18 09:33:18,MCD,248.27,567,buy,NYSE
tx_0001087,2025-06-18 09:33:21,PG,138.27,502,sell,NYSE
tx_0008123,2025-06-18 09:33:22,ADBE,600.47,719,sell,NASDAQ
tx_0002096,2025-06-18 09:33:22,PYPL,250.47,961,buy,NASDAQ
tx_0004369,2025-06-18 09:33:23,DIS,180.02,817,buy,NYSE
tx_0000762,2025-06-18 09:33:23,AAPL,151.96,630,sell,NASDAQ
tx_0005665,2025-06-18 09:33:39,NVDA,199.49,718,sell,NASDAQ
tx_0001550,2025-06-18 09:33:40,MCD,247.56,748,sell,NYSE
tx_0008394,2025-06-18 09:33:41,PEP,149.14,993,buy,NYSE
tx_0007624,2025-06-18 09:33:42,MCD,247.15,808,buy,NYSE
tx_0005210,2025-06-18 09:33:42,MA,348.69,389,buy,NYSE
tx_0005778,2025-06-18 09:33:43,AAPL,149.62,735,sell,NASDAQ
tx_0009912,2025-06-18 09:33:43,FB,327.48,920,sell,NASDAQ
tx_0000296,2025-06-18 09:33:48,MA,344.77,738,buy,NYSE
tx_0009640,2025-06-18 09:33:48,JNJ,169.91,192,sell,NYSE
tx_0002362,2025-06-18 09:33:48,V,220.53,745,buy,NYSE
tx_0006268,2025-06-18 09:33:54,WMT,138.59,675,sell,NYSE
tx_0002982,2025-06-18 09:33:55,KO,55.27,368,buy,NYSE
tx_0008358,2025-06-18 09:33:55,MSFT,305.03,257,sell,NASDAQ
tx_0007323,2025-06-18 09:34:00,NFLX,498.92,937,sell,NASDAQ
tx_0000578,2025-06-18 09:34:00,DIS,181.09,663,sell,NYSE
tx_0005502,2025-06-18 09:34:01,DIS,181.42,100,buy,NYSE
tx_0004232,2025-06-18 09:34:01,ADBE,601.43,884,buy,NASDAQ
tx_0006996,2025-06-18 09:34:01,NFLX,499.08,634,buy,NASDAQ
tx_0002067,2025-06-18 09:34:03,MA,349.2,559,sell,NYSE
tx_0002174,2025-06-18 09:34:05,MA,348.19,880,sell,NYSE
tx_0006761,2025-06-18 09:34:05,PEP,151.08,599,sell,NYSE
tx_0006061,2025-06-18 09:34:11,MSFT,300.82,349,sell,NASDAQ
tx_0008208,2025-06-18 09:34:11,MSFT,302.21,265,sell,NASDAQ
tx_0004221,2025-06-18 09:34:12,GOOGL,2782.86,375,sell,NASDAQ
tx_0009443,2025-06-18 09:34:15,AMZN,3514.79,896,buy,NASDAQ
tx_0008490,2025-06-18 09:34:17,BRK.B,281.13,225,sell,NYSE
tx_0000088,2025-06-18 09:34:19,AAPL,150.9,180,sell,NASDAQ
tx_0002620,2025-06-18 09:34:23,DIS,180.63,239,sell,NYSE
tx_0001068,2025-06-18 09:34:31,BRK.B,279.46,798,buy,NYSE
tx_0006580,2025-06-18 09:34:42,FB,331.53,687,sell,NASDAQ
tx_0007148,2025-06-18 09:34:47,JNJ,170.26,971,sell,NYSE
tx_0002095,2025-06-18 09:34:47,NFLX,503.13,324,buy,NASDAQ
tx_0000429,2025-06-18 09:34:47,GOOGL,2766.44,497,buy,NASDAQ
tx_0002726,2025-06-18 09:34:49,KO,54.56,286,sell,NYSE
tx_0003748,2025-06-18 09:34:50,WMT,141.17,339,sell,NYSE
tx_0006542,2025-06-18 09:34:53,GOOGL,2807.29,585,buy,NASDAQ
tx_0008762,2025-06-18 09:34:56,PEP,151.52,100,buy,NYSE
tx_0003665,2025-06-18 09:34:58,NVDA,198.88,581,buy,NASDAQ
tx_0002569,2025-06-18 09:34:58,BRK.B,,132,buy,NYSE
tx_0006070,2025-06-18 09:35:00,FB,329.28,424,sell,NASDAQ
tx_0007050,2025-06-18 09:35:00,NVDA,200.36,908,sell,NASDAQ
tx_0005686,2025-06-18 09:35:00,MA,346.69,333,buy,NYSE
tx_0007720,2025-06-18 09:35:01,ADBE,610.57,214,sell,NASDAQ
tx_0004578,2025-06-18 09:35:08,MA,347.53,343,buy,NYSE
tx_0007787,2025-06-18 09:35:13,BRK.B,280.27,480,sell,NYSE
tx_0005600,2025-06-18 09:35:17,PG,138.62,555,sell,NYSE
tx_0003279,2025-06-18 09:35:19,DIS,180.66,328,buy,NYSE
tx_0000186,2025-06-18 09:35:21,AMZN,3496.61,460,buy,NASDAQ
tx_0001086,2025-06-18 09:35:21,FB,329.8,594,sell,NASDAQ
tx_0005401,2025-06-18 09:35:24,MCD,247.04,725,buy,NYSE
tx_0004760,2025-06-18 09:35:25,MCD,249.91,685,buy,NYSE
tx_0000886,2025-06-18 09:35:25,PG,139.01,957,,NYSE
tx_0000865,2025-06-18 09:35:27,PYPL,247.59,802,sell,NASDAQ
tx_0009567,2025-06-18 09:35:32,MCD,248.25,535,buy,NYSE
tx_0006901,2025-06-18 09:35:38,GOOGL,2756.47,115,sell,NASDAQ
tx_0007465,2025-06-18 09:35:39,AAPL,149.71,826,buy,NASDAQ
tx_0000992,2025-06-18 09:35:42,BRK.B,282.15,331,sell,NYSE
tx_0009496,2025-06-18 09:35:48,PEP,151.76,604,buy,NYSE
tx_0006420,2025-06-18 09:35:48,PG,137.6,287,sell,NYSE
tx_0001549,2025-06-18 09:35:49,NFLX,497.46,938,sell,NASDAQ
tx_0000746,2025-06-18 09:35:52,NVDA,198.91,596,sell,NASDAQ
tx_0000106,2025-06-18 09:35:56,DIS,182.65,468,buy,NYSE
tx_0000825,2025-06-18 09:35:58,WMT,140.18,394,buy,NYSE
tx_0001254,2025-06-18 09:36:02,WMT,140.62,782,buy,NYSE
tx_0002350,2025-06-18 09:36:03,ADBE,601.98,497,buy,NASDAQ
tx_0003804,2025-06-18 09:36:03,NVDA,200.56,440,sell,NASDAQ
tx_0007345,2025-06-18 09:36:07,FB,330.88,321,sell,NASDAQ
tx_0005089,2025-06-18 09:36:08,TSLA,707.28,329,sell,NASDAQ
tx_0004862,2025-06-18 09:36:11,MCD,247.25,592,buy,NYSE
tx_0002462,2025-06-18 09:36:12,NFLX,502.54,288,buy,NASDAQ
tx_0005223,2025-06-18 09:36:14,GOOGL,2787.9,412,sell,NASDAQ
tx_0007911,2025-06-18 09:36:15,KO,55.29,809,sell,NYSE
tx_0002082,2025-06-18 09:36:17,MA,346.43,506,buy,NYSE
tx_0002827,2025-06-18 09:36:22,AMZN,3479.25,289,sell,NASDAQ
tx_0000816,2025-06-18 09:36:26,DIS,181.3,571,sell,NYSE
tx_0001003,2025-06-18 09:36:28,NFLX,496.88,115,sell,NASDAQ
tx_0001288,2025-06-18 09:36:30,NVDA,198.94,127,buy,NASDAQ
tx_0004844,2025-06-18 09:36:32,V,221.77,443,buy,NYSE
tx_0006332,2025-06-18 09:36:33,MSFT,305.83,766,sell,NASDAQ
tx_0007556,2025-06-18 09:36:37,PG,139.51,168,buy,NYSE
tx_0001979,2025-06-18 09:36:42,FB,332.04,533,sell,NASDAQ
tx_0007650,2025-06-18 09:36:50,V,220.37,449,sell,NYSE
tx_0001599,2025-06-18 09:36:51,NFLX,505.64,192,buy,NASDAQ
tx_0009564,2025-06-18 09:36:53,PYPL,248.0,686,buy,NASDAQ
tx_0005551,2025-06-18 09:36:54,BRK.B,283.99,172,sell,NYSE
tx_0004380,2025-06-18 09:36:54,JNJ,169.25,318,sell,NYSE
tx_0004822,2025-06-18 09:36:59,NVDA,200.53,166,buy,
tx_0000454,2025-06-18 09:37:08,NVDA,200.4,199,buy,NASDAQ
tx_0005632,2025-06-18 09:37:09,BRK.B,283.24,852,buy,NYSE
tx_0004026,2025-06-18 09:37:13,AMZN,3552.49,797,,NASDAQ
tx_0006428,2025-06-18 09:37:15,KO,54.64,796,sell,NYSE
tx_0000441,2025-06-18 09:37:15,GOOGL,2767.74,433,buy,NASDAQ
tx_0008946,2025-06-18 09:37:16,NFLX,,641,sell,NASDAQ
tx_0003438,2025-06-18 09:37:19,TSLA,705.67,199,buy,NASDAQ
tx_0001551,2025-06-18 09:37:20,V,224.21,630,buy,NYSE
tx_0006965,2025-06-18 09:37:21,PEP,151.65,487,sell,NYSE
tx_0002143,2025-06-18 09:37:21,PG,138.65,813,sell,NYSE
tx_0007979,2025-06-18 09:37:22,NFLX,500.83,864,buy,NASDAQ
tx_0009797,2025-06-18 09:37:25,MSFT,300.74,356,buy,NASDAQ
tx_0003602,2025-06-18 09:37:25,V,220.82,589,sell,NYSE
tx_0002602,2025-06-18 09:37:26,ADBE,603.97,208,sell,NASDAQ
tx_0007820,2025-06-18 09:37:27,PG,139.36,908,buy,NYSE
tx_0006455,2025-06-18 09:37:31,NFLX,506.66,596,buy,NASDAQ
tx_0009692,2025-06-18 09:37:31,MSFT,299.61,368,buy,NASDAQ
tx_0006531,2025-06-18 09:37:34,GOOGL,2789.24,482,buy,NASDAQ
tx_0003684,2025-06-18 09:37:34,MSFT,304.3,410,sell,NASDAQ
tx_0003641,2025-06-18 09:37:37,NVDA,199.03,740,sell,NASDAQ
tx_0007764,2025-06-18 09:37:39,JNJ,167.88,313,buy,NYSE
tx_0006085,2025-06-18 09:37:40,ADBE,614.67,263,sell,NASDAQ
tx_0006087,2025-06-18 09:37:40,AMZN,3483.01,520,sell,NASDAQ
tx_0004250,2025-06-18 09:37:41,AAPL,151.62,578,sell,NASDAQ
tx_0000878,2025-06-18 09:37:43,NFLX,502.09,676,buy,NASDAQ
tx_0004619,2025-06-18 09:37:47,PYPL,252.42,102,buy,NASDAQ
tx_0003389,2025-06-18 09:37:52,JNJ,168.09,602,sell,NYSE
tx_0006795,2025-06-18 09:37:53,KO,54.78,664,sell,NYSE
tx_0004782,2025-06-18 09:37:55,DIS,180.79,827,buy,NYSE
tx_0004355,2025-06-18 09:38:01,PG,138.8,651,buy,NYSE
tx_0001047,2025-06-18 09:38:04,KO,54.54,826,sell,NYSE
tx_0008405,2025-06-18 09:38:05,V,219.85,502,buy,NYSE
tx_0004087,2025-06-18 09:38:07,BRK.B,287.39,572,buy,NYSE
tx_0002139,2025-06-18 09:38:09,AAPL,152.78,596,sell,NASDAQ
tx_0009415,2025-06-18 09:38:09,KO,54.03,374,sell,NYSE
tx_0005269,2025-06-18 09:38:11,KO,54.39,591,sell,NYSE
tx_0003484,2025-06-18 09:38:13,PYPL,251.68,686,buy,NASDAQ
tx_0006014,2025-06-18 09:38:17,BRK.B,287.04,512,sell,NYSE
tx_0002172,2025-06-18 09:38:17,PEP,150.23,645,buy,NYSE
tx_0007012,2025-06-18 09:38:21,MCD,248.93,302,sell,NYSE
tx_0005080,2025-06-18 09:38:27,TSLA,708.44,345,buy,NASDAQ
tx_0006233,2025-06-18 09:38:30,DIS,181.71,304,sell,NYSE
tx_0008687,2025-06-18 09:38:31,NFLX,504.58,835,buy,NASDAQ
tx_0007997,2025-06-18 09:38:32,KO,53.8,721,sell,NYSE
tx_0006431,2025-06-18 09:38:33,NFLX,504.79,431,sell,NASDAQ
tx_0009941,2025-06-18 09:38:34,MCD,247.46,805,buy,NYSE
tx_0005467,2025-06-18 09:38:42,MSFT,303.88,418,buy,NASDAQ
tx_0001400,2025-06-18 09:38:43,FB,329.97,588,sell,NASDAQ
tx_0009083,2025-06-18 09:38:44,PG,137.7,360,buy,NYSE
tx_0007619,2025-06-18 09:38:49,PEP,152.05,349,buy,NYSE
tx_0001150,2025-06-18 09:38:58,NVDA,199.25,120,buy,NASDAQ
tx_0001655,2025-06-18 09:39:01,GOOGL,2790.39,831,sell,NASDAQ
tx_0003616,2025-06-18 09:39:07,DIS,182.04,337,buy,NYSE
tx_0007398,2025-06-18 09:39:08,BRK.B,284.65,232,sell,NYSE
tx_0006090,2025-06-18 09:39:09,BRK.B,287.15,372,buy,NYSE
tx_0007058,2025-06-18 09:39:10,FB,329.46,307,sell,NASDAQ
tx_0002333,2025-06-18 09:39:11,AAPL,151.79,288,sell,NASDAQ
tx_0009974,2025-06-18 09:39:15,DIS,183.72,448,buy,NYSE
tx_0007100,2025-06-18 09:39:17,PEP,152.63,148,buy,NYSE
tx_0005296,2025-06-18 09:39:21,JNJ,168.45,893,buy,NYSE
tx_0004272,2025-06-18 09:39:22,FB,332.04,422,sell,NASDAQ
tx_0007582,2025-06-18 09:39:27,AMZN,3502.98,110,sell,NASDAQ
tx_0002782,2025-06-18 09:39:30,MA,349.66,504,sell,NYSE
tx_0008336,2025-06-18 09:39:30,PG,,814,sell,NYSE
tx_0006833,2025-06-18 09:39:38,DIS,183.95,584,buy,NYSE
tx_0005136,2025-06-18 09:39:39,V,222.0,808,sell,NYSE
tx_0006367,2025-06-18 09:39:41,KO,53.77,142,buy,NYSE
tx_0006909,2025-06-18 09:39:43,V,222.04,873,sell,NYSE
tx_0009014,2025-06-18 09:39:47,WMT,139.33,144,buy,NYSE
tx_0004684,2025-06-18 09:39:49,MA,349.32,405,buy,NYSE
tx_0001402,2025-06-18 09:39:52,PYPL,248.76,396,buy,NASDAQ
tx_0007384,2025-06-18 09:39:56,NFLX,505.27,645,sell,NASDAQ
tx_0000409,2025-06-18 09:39:56,TSLA,705.9,104,buy,NASDAQ
tx_0009155,2025-06-18 09:39:57,FB,333.5,460,buy,NASDAQ
tx_0006248,2025-06-18 09:40:00,GOOGL,2766.55,500,buy,NASDAQ
tx_0007322,2025-06-18 09:40:03,AAPL,153.4,364,buy,NASDAQ
tx_0004480,2025-06-18 09:40:05,GOOGL,2775.03,765,buy,NASDAQ
tx_0002328,2025-06-18 09:40:07,AAPL,150.54,661,buy,NASDAQ
tx_0009814,2025-06-18 09:40:13,V,223.12,281,sell,NYSE
tx_0008982,2025-06-18 09:40:15,PG,139.59,986,sell,NYSE
tx_0004833,2025-06-18 09:40:17,MSFT,301.76,810,buy,NASDAQ
tx_0005282,2025-06-18 09:40:18,ADBE,608.72,535,sell,NASDAQ
tx_0008424,2025-06-18 09:40:24,MSFT,299.11,414,sell,NASDAQ
tx_0002259,2025-06-18 09:40:26,BRK.B,285.74,915,sell,NYSE
tx_0002980,2025-06-18 09:40:26,PEP,151.86,437,buy,NYSE
tx_0006737,2025-06-18 09:40:28,FB,330.46,557,buy,NASDAQ
tx_0004753,2025-06-18 09:40:32,NFLX,510.84,441,buy,NASDAQ
tx_0004541,2025-06-18 09:40:34,MCD,247.32,919,buy,NYSE
tx_0001699,2025-06-18 09:40:38,WMT,141.55,190,sell,NYSE
tx_0004249,2025-06-18 09:40:39,KO,54.4,300,sell,NYSE
tx_0009095,2025-06-18 09:40:39,AAPL,153.07,440,sell,NASDAQ
tx_0004995,2025-06-18 09:40:41,MSFT,299.96,421,buy,NASDAQ
tx_0004371,2025-06-18 09:40:44,NVDA,199.98,492,buy,NASDAQ
tx_0004262,2025-06-18 09:40:48,WMT,138.8,229,buy,NYSE
tx_0005751,2025-06-18 09:40:49,BRK.B,283.38,466,sell,NYSE
tx_0000965,2025-06-18 09:40:49,GOOGL,2797.53,265,buy,NASDAQ
tx_0002688,2025-06-18 09:40:51,MSFT,303.42,844,buy,NASDAQ
tx_0002718,2025-06-18 09:40:54,BRK.B,282.42,124,buy,NYSE
tx_0003996,2025-06-18 09:40:54,NVDA,197.58,964,sell,NASDAQ
tx_0004920,2025-06-18 09:40:54,V,221.68,796,sell,NYSE
tx_0000688,2025-06-18 09:40:59,PEP,150.53,265,sell,NYSE
tx_0005537,2025-06-18 09:41:03,TSLA,707.9,458,buy,NASDAQ
tx_0009736,2025-06-18 09:41:04,JNJ,168.71,447,sell,NYSE
tx_0000152,2025-06-18 09:41:06,NVDA,197.19,446,buy,NASDAQ
tx_0009812,2025-06-18 09:41:06,ADBE,613.46,321,sell,NASDAQ
tx_0003755,2025-06-18 09:41:06,V,221.96,606,sell,NYSE
tx_0002313,2025-06-18 09:41:09,BRK.B,281.86,359,sell,NYSE
tx_0001590,2025-06-18 09:41:11,PYPL,246.78,722,buy,NASDAQ
tx_0008429,2025-06-18 09:41:14,AAPL,153.3,505,sell,NASDAQ
tx_0003491,2025-06-18 09:41:14,DIS,181.29,203,sell,NYSE
tx_0004189,2025-06-18 09:41:16,TSLA,710.79,922,sell,NASDAQ
tx_0006924,2025-06-18 09:41:16,TSLA,710.97,869,buy,NASDAQ
tx_0009329,2025-06-18 09:41:16,KO,54.83,857,sell,NYSE
tx_0004801,2025-06-18 09:41:18,ADBE,606.36,146,buy,NASDAQ
tx_0000214,2025-06-18 09:41:19,PEP,150.29,775,buy,NYSE
tx_0007189,2025-06-18 09:41:20,AAPL,151.34,216,,NASDAQ
tx_0003514,2025-06-18 09:41:20,PEP,149.63,612,sell,NYSE
tx_0009643,2025-06-18 09:41:23,MSFT,300.97,908,sell,NASDAQ
tx_0006895,2025-06-18 09:41:25,AMZN,3486.93,887,sell,NASDAQ
tx_0004343,2025-06-18 09:41:25,MCD,246.01,978,sell,NYSE
tx_0001921,2025-06-18 09:41:25,V,221.7,891,sell,NYSE
tx_0005979,2025-06-18 09:41:26,BRK.B,283.39,739,sell,NYSE
tx_0001324,2025-06-18 09:41:35,KO,54.6,116,sell,NYSE
tx_0002930,2025-06-18 09:41:39,AMZN,3541.95,326,buy,NASDAQ
tx_0004523,2025-06-18 09:41:46,MCD,246.14,244,sell,NYSE
tx_0009221,2025-06-18 09:41:48,ADBE,610.48,993,buy,NASDAQ
tx_0001371,2025-06-18 09:41:54,TSLA,706.6,658,buy,NASDAQ
tx_0001185,2025-06-18 09:41:54,MSFT,301.45,538,buy,NASDAQ
tx_0009096,2025-06-18 09:41:55,AMZN,3511.92,385,sell,NASDAQ
tx_0000311,2025-06-18 09:41:57,ADBE,613.42,807,buy,NASDAQ
tx_0007877,2025-06-18 09:42:00,V,222.4,794,buy,NYSE
tx_0006767,2025-06-18 09:42:04,DIS,181.39,392,buy,NYSE
tx_0008191,2025-06-18 09:42:05,MCD,248.15,546,buy,NYSE
tx_0008563,2025-06-18 09:42:08,NFLX,501.4,961,buy,NASDAQ
tx_0009792,2025-06-18 09:42:09,MA,346.93,545,sell,NYSE
tx_0005324,2025-06-18 09:42:09,DIS,181.43,221,buy,NYSE
tx_0003821,2025-06-18 09:42:19,AMZN,3538.68,442,buy,NASDAQ
tx_0002098,2025-06-18 09:42:19,NFLX,499.97,221,sell,NASDAQ
tx_0007527,2025-06-18 09:42:20,PYPL,247.89,549,buy,NASDAQ
tx_0000877,2025-06-18 09:42:20,AMZN,3483.25,566,buy,NASDAQ
tx_0001253,2025-06-18 09:42:22,BRK.B,282.35,945,sell,NYSE
tx_0002474,2025-06-18 09:42:26,DIS,183.27,570,sell,NYSE
tx_0006931,2025-06-18 09:42:26,MSFT,303.2,709,sell,NASDAQ
tx_0009143,2025-06-18 09:42:27,WMT,139.72,143,buy,NYSE
tx_0009928,2025-06-18 09:42:29,ADBE,614.13,158,sell,NASDAQ
tx_0007208,2025-06-18 09:42:33,DIS,183.41,769,buy,NYSE
tx_0003719,2025-06-18 09:42:33,MSFT,302.16,408,sell,NASDAQ
tx_0009112,2025-06-18 09:42:38,PG,138.48,779,sell,NYSE
tx_0006182,2025-06-18 09:42:45,AMZN,3513.71,442,sell,NASDAQ
tx_0009281,2025-06-18 09:42:45,MCD,245.02,329,,NYSE
tx_0009992,2025-06-18 09:42:46,PEP,149.96,437,buy,NYSE
tx_0005438,2025-06-18 09:42:47,BRK.B,286.61,562,sell,NYSE
tx_0003701,2025-06-18 09:42:49,MA,351.34,954,buy,NYSE
tx_0003110,2025-06-18 09:42:50,JNJ,169.31,335,buy,NYSE
tx_0002469,2025-06-18 09:42:58,PEP,151.19,789,sell,NYSE
tx_0008863,2025-06-18 09:42:59,MCD,245.32,972,buy,NYSE
tx_0005621,2025-06-18 09:43:02,FB,330.07,633,buy,NASDAQ
tx_0004399,2025-06-18 09:43:03,AAPL,151.93,556,buy,NASDAQ
tx_0002903,2025-06-18 09:43:05,FB,333.41,976,sell,NASDAQ
tx_0004135,2025-06-18 09:43:06,JNJ,170.27,361,buy,NYSE
tx_0001211,2025-06-18 09:43:15,MA,345.58,234,sell,NYSE
tx_0006053,2025-06-18 09:43:15,NFLX,503.07,469,sell,NASDAQ
tx_0004359,2025-06-18 09:43:16,GOOGL,2771.02,488,sell,NASDAQ
tx_0000025,2025-06-18 09:43:27,DIS,182.64,454,sell,NYSE
tx_0007604,2025-06-18 09:43:28,V,220.82,629,buy,NYSE
tx_0007809,2025-06-18 09:43:28,DIS,180.63,125,buy,NYSE
tx_0004286,2025-06-18 09:43:29,KO,54.39,711,buy,NYSE
tx_0002220,2025-06-18 09:43:29,AMZN,3518.31,399,buy,NASDAQ
tx_0004987,2025-06-18 09:43:30,JNJ,171.4,698,buy,NYSE
tx_0008122,2025-06-18 09:43:34,MA,346.43,607,buy,NYSE
tx_0004198,2025-06-18 09:43:37,PEP,148.83,230,buy,NYSE
tx_0006850,2025-06-18 09:43:38,PG,139.05,255,sell,NYSE
tx_0007003,2025-06-18 09:43:38,DIS,182.63,480,buy,NYSE
tx_0008173,2025-06-18 09:43:41,MA,346.72,429,buy,NYSE
tx_0009971,2025-06-18 09:43:47,MSFT,298.4,514,buy,NASDAQ
tx_0009217,2025-06-18 09:43:51,PYPL,250.84,152,sell,NASDAQ
tx_0006770,2025-06-18 09:43:51,WMT,138.27,211,buy,NYSE
tx_0005515,2025-06-18 09:43:58,MCD,243.91,199,buy,NYSE
tx_0004304,2025-06-18 09:43:59,MA,347.51,929,buy,NYSE
tx_0006573,2025-06-18 09:43:59,PG,139.36,209,buy,NYSE
tx_0007060,2025-06-18 09:44:01,WMT,139.18,213,sell,NYSE
tx_0006638,2025-06-18 09:44:04,TSLA,710.92,314,sell,NASDAQ
tx_0009541,2025-06-18 09:44:04,MA,349.04,979,sell,NYSE
tx_0002609,2025-06-18 09:44:04,AMZN,3544.0,565,sell,NASDAQ
tx_0003989,2025-06-18 09:44:06,GOOGL,2763.91,259,buy,NASDAQ
tx_0005164,2025-06-18 09:44:07,WMT,139.05,576,buy,NYSE
tx_0005882,2025-06-18 09:44:09,GOOGL,2796.58,993,sell,NASDAQ
tx_0008297,2025-06-18 09:44:11,BRK.B,283.54,980,buy,NYSE
tx_0009213,2025-06-18 09:44:14,MSFT,299.32,295,sell,NASDAQ
tx_0009909,2025-06-18 09:44:17,PEP,151.07,894,buy,NYSE
tx_0007955,2025-06-18 09:44:23,JNJ,169.22,140,sell,NYSE
tx_0002300,2025-06-18 09:44:27,KO,55.24,790,buy,NYSE
tx_0004859,2025-06-18 09:44:35,ADBE,618.69,106,sell,NASDAQ
tx_0006492,2025-06-18 09:44:36,KO,54.55,953,sell,NYSE
tx_0000391,2025-06-18 09:44:42,PG,136.94,441,buy,NYSE
tx_0005264,2025-06-18 09:44:42,MA,347.3,431,buy,NYSE
tx_0000778,2025-06-18 09:44:44,MA,346.11,873,sell,NYSE
tx_0005943,2025-06-18 09:44:45,MSFT,297.64,599,sell,NASDAQ
tx_0005619,2025-06-18 09:44:47,PYPL,248.05,356,buy,NASDAQ
tx_0009337,2025-06-18 09:44:49,GOOGL,2758.34,897,buy,NASDAQ
tx_0008286,2025-06-18 09:44:50,KO,54.99,399,buy,NYSE
tx_0008923,2025-06-18 09:44:53,GOOGL,2740.48,340,sell,NASDAQ
tx_0002422,2025-06-18 09:44:57,WMT,138.95,748,buy,NYSE
tx_0000399,2025-06-18 09:44:57,BRK.B,285.13,538,buy,NYSE
tx_0001635,2025-06-18 09:45:00,FB,330.48,357,buy,NASDAQ
tx_0005397,2025-06-18 09:45:00,ADBE,609.24,628,sell,NASDAQ
tx_0004892,2025-06-18 09:45:02,NVDA,199.93,469,buy,NASDAQ
tx_0004868,2025-06-18 09:45:08,PYPL,249.9,524,sell,NASDAQ
tx_0002860,2025-06-18 09:45:10,NFLX,501.58,294,sell,NASDAQ
tx_0002648,2025-06-18 09:45:11,MA,348.4,627,buy,NYSE
tx_0005955,2025-06-18 09:45:11,KO,54.47,357,sell,NYSE
tx_0000015,2025-06-18 09:45:12,GOOGL,2763.3,487,buy,NASDAQ
tx_0007806,2025-06-18 09:45:19,ADBE,615.55,505,sell,NASDAQ
tx_0001385,2025-06-18 09:45:21,BRK.B,283.73,864,sell,NYSE
tx_0000983,2025-06-18 09:45:23,JNJ,168.98,797,sell,NYSE
tx_0007901,2025-06-18 09:45:25,MSFT,301.23,131,sell,NASDAQ
tx_0006092,2025-06-18 09:45:25,PYPL,249.14,530,sell,NASDAQ
tx_0004517,2025-06-18 09:45:26,NFLX,500.27,131,sell,NASDAQ
tx_0006296,2025-06-18 09:45:29,TSLA,709.53,318,buy,NASDAQ
tx_0002271,2025-06-18 09:45:30,MA,350.2,235,buy,NYSE
tx_0003657,2025-06-18 09:45:33,ADBE,616.93,713,sell,NASDAQ
tx_0007525,2025-06-18 09:45:34,NFLX,502.91,941,sell,NASDAQ
tx_0003556,2025-06-18 09:45:37,AMZN,3466.93,516,buy,NASDAQ
tx_0005239,2025-06-18 09:45:37,MSFT,300.3,619,sell,
tx_0002741,2025-06-18 09:45:40,GOOGL,2745.44,900,buy,NASDAQ
tx_0008656,2025-06-18 09:45:41,NVDA,198.75,443,sell,NASDAQ
tx_0000863,2025-06-18 09:45:47,FB,335.38,240,sell,NASDAQ
tx_0005495,2025-06-18 09:45:51,MSFT,304.24,410,sell,NASDAQ
tx_0004917,2025-06-18 09:45:52,MA,346.3,600,sell,NYSE
tx_0001474,2025-06-18 09:45:52,MA,344.4,928,sell,NYSE
tx_0008541,2025-06-18 09:45:53,GOOGL,2740.6,753,buy,NASDAQ
tx_0000728,2025-06-18 09:45:57,KO,54.52,188,buy,NYSE
tx_0005768,2025-06-18 09:45:57,AAPL,151.12,570,buy,NASDAQ
tx_0008661,2025-06-18 09:46:00,PG,138.29,745,buy,NYSE
tx_0007144,2025-06-18 09:46:02,PG,138.42,319,sell,NYSE
tx_0006197,2025-06-18 09:46:07,AAPL,151.23,133,sell,NASDAQ
tx_0003997,2025-06-18 09:46:09,PEP,150.04,934,buy,NYSE
tx_0001100,2025-06-18 09:46:13,ADBE,609.15,735,sell,NASDAQ
tx_0004538,2025-06-18 09:46:15,PYPL,251.66,771,sell,NASDAQ
tx_0005910,2025-06-18 09:46:16,GOOGL,2779.55,803,sell,NASDAQ
tx_0006786,2025-06-18 09:46:17,BRK.B,286.43,615,buy,NYSE
tx_0002585,2025-06-18 09:46:18,V,,345,buy,NYSE
tx_0006017,2025-06-18 09:46:22,GOOGL,2753.16,567,sell,NASDAQ
tx_0003722,2025-06-18 09:46:23,ADBE,607.25,398,sell,NASDAQ
tx_0004020,2025-06-18 09:46:26,MCD,247.27,552,buy,NYSE
tx_0009756,2025-06-18 09:46:29,TSLA,711.11,278,buy,NASDAQ
tx_0007641,2025-06-18 09:46:30,ADBE,612.34,507,buy,NASDAQ
tx_0007916,2025-06-18 09:46:33,NVDA,200.4,796,buy,NASDAQ
tx_0001195,2025-06-18 09:46:34,MCD,245.41,938,sell,NYSE
tx_0007980,2025-06-18 09:46:34,MCD,247.87,789,buy,NYSE
tx_0002149,2025-06-18 09:46:37,MA,346.51,150,buy,NYSE
tx_0009854,2025-06-18 09:46:50,MCD,244.73,445,sell,NYSE
tx_0005166,2025-06-18 09:46:50,GOOGL,2732.51,907,sell,NASDAQ
tx_0005356,2025-06-18 09:46:56,AAPL,151.21,210,buy,NASDAQ
tx_0009713,2025-06-18 09:47:02,V,222.59,575,buy,NYSE
tx_0008357,2025-06-18 09:47:07,TSLA,706.89,403,buy,NASDAQ
tx_0006452,2025-06-18 09:47:07,JNJ,170.46,177,sell,NYSE
tx_0000909,2025-06-18 09:47:08,PG,137.05,458,buy,NYSE
tx_0001577,2025-06-18 09:47:16,PG,139.43,298,buy,NYSE
tx_0008921,2025-06-18 09:47:17,PYPL,245.84,781,buy,NASDAQ
tx_0008439,2025-06-18 09:47:17,FB,331.51,588,sell,NASDAQ
tx_0007607,2025-06-18 09:47:21,BRK.B,282.51,672,buy,NYSE
tx_0004725,2025-06-18 09:47:22,KO,54.1,499,buy,NYSE
tx_0007168,2025-06-18 09:47:23,BRK.B,284.05,470,buy,NYSE
tx_0006576,2025-06-18 09:47:28,V,222.2,818,sell,NYSE
tx_0001220,2025-06-18 09:47:36,FB,328.02,110,buy,NASDAQ
tx_0007947,2025-06-18 09:47:46,WMT,139.75,727,buy,NYSE
tx_0004213,2025-06-18 09:47:51,MSFT,303.48,653,buy,NASDAQ
tx_0001333,2025-06-18 09:47:52,MA,346.53,334,buy,NYSE
tx_0006630,2025-06-18 09:47:52,MA,345.54,927,sell,NYSE
tx_0003164,2025-06-18 09:47:56,MSFT,301.21,566,buy,NASDAQ
tx_0004826,2025-06-18 09:48:03,PEP,149.58,650,sell,NYSE
tx_0001084,2025-06-18 09:48:07,MA,348.33,850,buy,NYSE
tx_0007887,2025-06-18 09:48:08,NFLX,495.84,136,sell,NASDAQ
tx_0005471,2025-06-18 09:48:10,PYPL,247.92,645,sell,NASDAQ
tx_0002250,2025-06-18 09:48:11,AMZN,3531.91,725,buy,NASDAQ
tx_0000745,2025-06-18 09:48:14,TSLA,713.75,424,sell,NASDAQ
tx_0005139,2025-06-18 09:48:18,MCD,248.23,955,buy,NYSE
tx_0002198,2025-06-18 09:48:19,WMT,138.38,507,sell,NYSE
tx_0009821,2025-06-18 09:48:19,KO,54.4,681,buy,NYSE
tx_0005733,2025-06-18 09:48:20,FB,328.8,626,sell,NASDAQ
tx_0001293,2025-06-18 09:48:21,NVDA,196.5,424,,NASDAQ
tx_0000316,2025-06-18 09:48:26,V,219.68,219,sell,NYSE
tx_0005540,2025-06-18 09:48:26,KO,54.76,571,sell,NYSE
tx_0006507,2025-06-18 09:48:26,MCD,246.71,454,sell,NYSE
tx_0008719,2025-06-18 09:48:26,V,220.54,930,buy,NYSE
tx_0009222,2025-06-18 09:48:27,PEP,149.17,864,sell,NYSE
tx_0005342,2025-06-18 09:48:31,WMT,137.48,912,sell,NYSE
tx_0007784,2025-06-18 09:48:36,MCD,248.34,428,buy,NYSE
tx_0002995,2025-06-18 09:48:36,PG,139.09,760,sell,NYSE
tx_0007628,2025-06-18 09:48:37,V,220.12,779,sell,NYSE
tx_0008421,2025-06-18 09:48:37,ADBE,610.27,622,sell,NASDAQ
tx_0007867,2025-06-18 09:48:39,ADBE,613.99,894,sell,NASDAQ
tx_0009234,2025-06-18 09:48:47,BRK.B,283.82,616,sell,NYSE
tx_0001950,2025-06-18 09:48:49,AAPL,150.69,440,buy,NASDAQ
tx_0006938,2025-06-18 09:48:55,NFLX,494.25,601,sell,NASDAQ
tx_0003610,2025-06-18 09:48:57,PG,138.87,116,sell,NYSE
tx_0003973,2025-06-18 09:49:02,AAPL,151.36,979,buy,NASDAQ
tx_0007945,2025-06-18 09:49:08,NFLX,492.38,788,buy,NASDAQ
tx_0009199,2025-06-18 09:49:11,PYPL,250.56,248,sell,NASDAQ
tx_0002216,2025-06-18 09:49:15,PEP,149.99,816,buy,NYSE
tx_0000061,2025-06-18 09:49:16,AMZN,3532.78,724,sell,NASDAQ
tx_0001966,2025-06-18 09:49:22,DIS,183.22,606,sell,NYSE
tx_0007931,2025-06-18 09:49:22,V,219.89,501,buy,NYSE
tx_0006687,2025-06-18 09:49:22,MA,342.87,793,sell,NYSE
tx_0003318,2025-06-18 09:49:25,KO,54.66,712,buy,NYSE
tx_0008069,2025-06-18 09:49:25,KO,54.91,248,sell,NYSE
tx_0001935,2025-06-18 09:49:27,FB,326.27,833,buy,NASDAQ
tx_0006173,2025-06-18 09:49:28,BRK.B,283.69,859,buy,NYSE
tx_0004982,2025-06-18 09:49:30,AAPL,152.18,564,sell,NASDAQ
tx_0001991,2025-06-18 09:49:32,MA,340.38,129,buy,NYSE
tx_0008182,2025-06-18 09:49:32,KO,54.38,221,buy,NYSE
tx_0000419,2025-06-18 09:49:33,AMZN,3492.52,660,sell,NASDAQ
tx_0006668,2025-06-18 09:49:35,MA,346.89,369,buy,NYSE
tx_0002238,2025-06-18 09:49:37,WMT,138.7,532,sell,NYSE
tx_0008669,2025-06-18 09:49:42,PYPL,246.86,682,sell,NASDAQ
tx_0006271,2025-06-18 09:49:43,AAPL,151.49,899,buy,NASDAQ
tx_0006476,2025-06-18 09:49:45,PYPL,246.26,713,sell,NASDAQ
tx_0008945,2025-06-18 09:49:46,ADBE,613.38,147,buy,NASDAQ
tx_0007645,2025-06-18 09:49:47,NFLX,493.91,386,sell,NASDAQ
tx_0008322,2025-06-18 09:49:49,NFLX,496.77,249,buy,NASDAQ
tx_0008649,2025-06-18 09:49:49,PEP,148.36,896,sell,NYSE
tx_0002124,2025-06-18 09:49:52,WMT,137.83,466,buy,NYSE
tx_0005272,2025-06-18 09:49:57,NFLX,498.22,417,sell,NASDAQ
tx_0001155,2025-06-18 09:49:59,MSFT,300.18,342,buy,NASDAQ
tx_0002027,2025-06-18 09:50:03,FB,330.93,157,buy,NASDAQ
tx_0009165,2025-06-18 09:50:04,PEP,148.94,1000,buy,NYSE
tx_0001352,2025-06-18 09:50:06,BRK.B,285.19,679,sell,NYSE
tx_0001876,2025-06-18 09:50:06,AMZN,,603,buy,NASDAQ
tx_0001529,2025-06-18 09:50:10,V,219.62,553,buy,NYSE
tx_0009831,2025-06-18 09:50:13,FB,330.84,945,sell,NASDAQ
tx_0008752,2025-06-18 09:50:14,BRK.B,285.35,615,buy,NYSE
tx_0001396,2025-06-18 09:50:24,BRK.B,286.55,295,buy,NYSE
tx_0005643,2025-06-18 09:50:25,V,222.73,159,sell,NYSE
tx_0007065,2025-06-18 09:50:25,PG,136.3,815,sell,NYSE
tx_0005969,2025-06-18 09:50:29,JNJ,169.38,477,buy,NYSE
tx_0004209,2025-06-18 09:50:31,TSLA,710.56,438,sell,NASDAQ
tx_0000445,2025-06-18 09:50:33,MCD,247.97,718,sell,NYSE
tx_0003294,2025-06-18 09:50:33,MA,342.83,485,,NYSE
tx_0008296,2025-06-18 09:50:34,NFLX,498.61,574,sell,NASDAQ
tx_0008087,2025-06-18 09:50:37,TSLA,717.73,550,sell,NASDAQ
tx_0009966,2025-06-18 09:50:40,WMT,137.57,570,sell,NYSE
tx_0003253,2025-06-18 09:50:40,NVDA,199.27,467,buy,NASDAQ
tx_0006712,2025-06-18 09:50:46,NFLX,491.03,177,sell,NASDAQ
tx_0007590,2025-06-18 09:50:47,NFLX,498.26,401,buy,NASDAQ
tx_0005763,2025-06-18 09:50:48,GOOGL,2726.25,124,buy,NASDAQ
tx_0009117,2025-06-18 09:50:50,AMZN,3532.47,732,sell,NASDAQ
tx_0003390,2025-06-18 09:50:54,KO,53.76,883,,NYSE
tx_0001278,2025-06-18 09:51:03,MCD,247.03,129,buy,NYSE
tx_0002850,2025-06-18 09:51:03,V,223.67,612,sell,NYSE
tx_0004297,2025-06-18 09:51:06,BRK.B,285.43,629,sell,NYSE
tx_0009133,2025-06-18 09:51:08,PG,135.8,686,sell,NYSE
tx_0004129,2025-06-18 09:51:08,PG,137.74,536,sell,NYSE
tx_0008013,2025-06-18 09:51:10,TSLA,707.99,653,sell,NASDAQ
tx_0008761,2025-06-18 09:51:12,PEP,148.71,511,sell,NYSE
tx_0003422,2025-06-18 09:51:13,JNJ,171.27,559,sell,NYSE
tx_0000668,2025-06-18 09:51:13,MSFT,302.46,159,sell,NASDAQ
tx_0003582,2025-06-18 09:51:15,KO,54.33,574,sell,NYSE
tx_0002756,2025-06-18 09:51:20,MA,345.94,194,sell,NYSE
tx_0003031,2025-06-18 09:51:24,PEP,147.58,796,sell,NYSE
tx_0003167,2025-06-18 09:51:25,TSLA,711.98,950,sell,NASDAQ
tx_0005400,2025-06-18 09:51:28,FB,330.43,446,buy,NASDAQ
tx_0001763,2025-06-18 09:51:28,AAPL,152.33,721,buy,NASDAQ
tx_0008965,2025-06-18 09:51:29,JNJ,171.41,590,sell,NYSE
tx_0005012,2025-06-18 09:51:30,ADBE,621.16,558,buy,NASDAQ
tx_0008593,2025-06-18 09:51:32,NVDA,197.82,503,buy,NASDAQ
tx_0001616,2025-06-18 09:51:32,NVDA,199.4,713,buy,NASDAQ
tx_0003966,2025-06-18 09:51:40,TSLA,714.95,584,buy,NASDAQ
tx_0006639,2025-06-18 09:51:41,MCD,249.97,511,buy,NYSE
tx_0000494,2025-06-18 09:51:42,DIS,183.78,607,sell,NYSE
tx_0005889,2025-06-18 09:51:45,AMZN,3542.95,864,buy,NASDAQ
tx_0000395,2025-06-18 09:52:00,MCD,248.63,886,buy,NYSE
tx_0005064,2025-06-18 09:52:02,KO,54.54,411,buy,NYSE
tx_0008220,2025-06-18 09:52:08,KO,53.75,675,sell,NYSE
tx_0006374,2025-06-18 09:52:08,NVDA,197.37,104,sell,NASDAQ
tx_0004695,2025-06-18 09:52:08,DIS,182.41,193,buy,NYSE
tx_0001205,2025-06-18 09:52:08,PEP,148.99,101,sell,NYSE
tx_0005663,2025-06-18 09:52:10,MCD,249.3,110,sell,
tx_0008858,2025-06-18 09:52:10,PEP,148.37,722,buy,NYSE
tx_0003032,2025-06-18 09:52:14,BRK.B,282.73,431,buy,NYSE
tx_0002814,2025-06-18 09:52:17,BRK.B,285.02,246,sell,NYSE
tx_0005212,2025-06-18 09:52:18,PEP,149.51,951,sell,NYSE
tx_0005254,2025-06-18 09:52:20,GOOGL,2740.57,382,buy,NASDAQ
tx_0000193,2025-06-18 09:52:23,MSFT,305.06,286,buy,NASDAQ
tx_0006249,2025-06-18 09:52:23,DIS,184.32,226,buy,NYSE
tx_0003195,2025-06-18 09:52:33,WMT,138.65,202,sell,NYSE
tx_0004900,2025-06-18 09:52:35,FB,334.27,420,sell,NASDAQ
tx_0001356,2025-06-18 09:52:36,PG,136.59,158,sell,NYSE
tx_0008840,2025-06-18 09:52:38,TSLA,720.79,431,sell,NASDAQ
tx_0008865,2025-06-18 09:52:41,GOOGL,2736.11,650,buy,NASDAQ
tx_0000457,2025-06-18 09:52:42,PG,135.2,593,buy,NYSE
tx_0003710,2025-06-18 09:52:43,FB,331.34,886,sell,NASDAQ
tx_0008184,2025-06-18 09:52:45,PEP,147.7,101,buy,NYSE
tx_0002760,2025-06-18 09:52:47,PYPL,247.51,774,buy,NASDAQ
tx_0004858,2025-06-18 09:52:50,MCD,250.62,175,buy,NYSE
tx_0004645,2025-06-18 09:52:52,KO,54.25,799,buy,NYSE
tx_0007608,2025-06-18 09:52:53,NVDA,197.93,777,buy,NASDAQ
tx_0009129,2025-06-18 09:52:55,ADBE,617.43,206,sell,NASDAQ
tx_0003788,2025-06-18 09:52:56,TSLA,711.75,126,buy,NASDAQ
tx_0008922,2025-06-18 09:52:57,MSFT,302.23,946,buy,NASDAQ
tx_0001557,2025-06-18 09:52:58,PG,135.58,573,buy,NYSE
tx_0007339,2025-06-18 09:53:03,TSLA,718.47,307,buy,NASDAQ
tx_0006839,2025-06-18 09:53:06,WMT,137.46,517,buy,NYSE
tx_0005794,2025-06-18 09:53:08,TSLA,719.16,705,sell,NASDAQ
tx_0001417,2025-06-18 09:53:08,DIS,182.76,799,sell,NYSE
tx_0001010,2025-06-18 09:53:09,MCD,252.56,786,sell,NYSE
tx_0004150,2025-06-18 09:53:10,DIS,182.19,931,sell,NYSE
tx_0005522,2025-06-18 09:53:13,MA,342.15,484,buy,NYSE
tx_0002253,2025-06-18 09:53:15,PEP,149.42,204,buy,NYSE
tx_0009009,2025-06-18 09:53:24,PEP,147.7,442,sell,NYSE
tx_0007212,2025-06-18 09:53:24,GOOGL,2710.58,219,sell,NASDAQ
tx_0009001,2025-06-18 09:53:27,DIS,180.44,580,sell,NYSE
tx_0005874,2025-06-18 09:53:28,BRK.B,284.67,465,buy,NYSE
tx_0005756,2025-06-18 09:53:28,ADBE,613.7,225,sell,NASDAQ
tx_0004054,2025-06-18 09:53:30,KO,53.66,177,sell,NYSE
tx_0005782,2025-06-18 09:53:34,MCD,252.75,912,buy,NYSE
tx_0005317,2025-06-18 09:53:35,MA,343.45,102,buy,NYSE
tx_0001085,2025-06-18 09:53:36,V,219.43,765,buy,NYSE
tx_0008634,2025-06-18 09:53:37,FB,332.09,545,buy,NASDAQ
tx_0001266,2025-06-18 09:53:39,MSFT,304.93,524,sell,NASDAQ
tx_0009126,2025-06-18 09:53:45,AAPL,150.79,358,buy,NASDAQ
tx_0007708,2025-06-18 09:53:45,NVDA,200.53,577,sell,NASDAQ
tx_0002662,2025-06-18 09:53:47,DIS,183.56,362,buy,NYSE
tx_0007640,2025-06-18 09:53:47,AAPL,151.92,766,buy,NASDAQ
tx_0001678,2025-06-18 09:53:49,DIS,180.38,612,sell,NYSE
tx_0003795,2025-06-18 09:53:53,MCD,250.24,867,sell,NYSE
tx_0000523,2025-06-18 09:53:54,KO,54.43,385,sell,NYSE
tx_0006495,2025-06-18 09:53:55,BRK.B,282.23,778,sell,NYSE
tx_0007440,2025-06-18 09:54:02,PG,136.82,108,sell,NYSE
tx_0009075,2025-06-18 09:54:03,MA,343.35,863,buy,NYSE
tx_0005107,2025-06-18 09:54:04,FB,333.05,417,buy,NASDAQ
tx_0000340,2025-06-18 09:54:04,V,221.94,579,sell,NYSE
tx_0008299,2025-06-18 09:54:05,AMZN,3496.62,607,buy,NASDAQ
tx_0009900,2025-06-18 09:54:06,DIS,182.56,749,buy,NYSE
tx_0000335,2025-06-18 09:54:10,AMZN,3497.36,128,buy,NASDAQ
tx_0008787,2025-06-18 09:54:12,FB,331.61,390,sell,NASDAQ
tx_0001053,2025-06-18 09:54:15,TSLA,717.31,416,buy,NASDAQ
tx_0005194,2025-06-18 09:54:19,MSFT,303.56,922,buy,NASDAQ
tx_0006820,2025-06-18 09:54:22,PG,136.75,980,buy,NYSE
tx_0003604,2025-06-18 09:54:26,ADBE,623.55,851,buy,NASDAQ
tx_0008954,2025-06-18 09:54:26,TSLA,719.56,326,buy,NASDAQ
tx_0009257,2025-06-18 09:54:29,TSLA,721.43,215,buy,NASDAQ
tx_0002499,2025-06-18 09:54:33,PEP,148.0,296,sell,NYSE
tx_0005480,2025-06-18 09:54:33,PG,136.91,952,buy,NYSE
tx_0001184,2025-06-18 09:54:36,WMT,137.68,831,sell,NYSE
tx_0007331,2025-06-18 09:54:36,ADBE,617.4,711,sell,NASDAQ
tx_0004257,2025-06-18 09:54:39,ADBE,619.81,531,sell,NASDAQ
tx_0007460,2025-06-18 09:54:40,ADBE,616.23,102,buy,NASDAQ
tx_0002112,2025-06-18 09:54:41,AAPL,152.17,620,buy,NASDAQ
tx_0007781,2025-06-18 09:54:44,GOOGL,2700.39,572,sell,NASDAQ
tx_0002634,2025-06-18 09:54:44,ADBE,618.6,325,sell,NASDAQ
tx_0000672,2025-06-18 09:54:45,BRK.B,283.01,570,buy,NYSE
tx_0003919,2025-06-18 09:54:53,MSFT,300.86,128,sell,NASDAQ
tx_0008658,2025-06-18 09:54:54,MA,344.76,998,sell,NYSE
tx_0000564,2025-06-18 09:54:55,JNJ,172.55,230,buy,NYSE
tx_0002839,2025-06-18 09:54:56,V,220.11,771,sell,NYSE
tx_0006969,2025-06-18 09:55:02,PYPL,248.09,955,,NASDAQ
tx_0004125,2025-06-18 09:55:03,WMT,139.82,157,buy,NYSE
tx_0001027,2025-06-18 09:55:10,GOOGL,2681.5,230,sell,NASDAQ
tx_0001573,2025-06-18 09:55:12,MSFT,304.47,290,buy,NASDAQ
tx_0009073,2025-06-18 09:55:12,ADBE,620.06,983,sell,NASDAQ
tx_0008407,2025-06-18 09:55:17,ADBE,617.12,620,buy,NASDAQ
tx_0007364,2025-06-18 09:55:17,WMT,138.84,537,sell,NYSE
tx_0009554,2025-06-18 09:55:20,GOOGL,2682.13,706,sell,NASDAQ
tx_0009422,2025-06-18 09:55:21,TSLA,720.0,775,buy,NASDAQ
tx_0009677,2025-06-18 09:55:23,MA,345.52,274,sell,NYSE
tx_0008233,2025-06-18 09:55:24,JNJ,171.19,647,sell,NYSE
tx_0008830,2025-06-18 09:55:25,PG,135.53,657,sell,NYSE
tx_0003778,2025-06-18 09:55:25,BRK.B,285.26,204,buy,NYSE
tx_0002664,2025-06-18 09:55:26,MSFT,301.4,447,buy,NASDAQ
tx_0000266,2025-06-18 09:55:27,AAPL,152.04,251,buy,NASDAQ
tx_0000274,2025-06-18 09:55:27,JNJ,169.39,419,sell,NYSE
tx_0006586,2025-06-18 09:55:28,NFLX,494.7,649,sell,NASDAQ
tx_0003531,2025-06-18 09:55:28,AMZN,3521.81,812,sell,NASDAQ
tx_0005752,2025-06-18 09:55:31,PEP,148.36,197,buy,NYSE
tx_0006625,2025-06-18 09:55:32,NVDA,198.6,540,buy,NASDAQ
tx_0005262,2025-06-18 09:55:34,PEP,147.78,596,buy,NYSE
tx_0000779,2025-06-18 09:55:34,TSLA,721.43,977,sell,NASDAQ
tx_0005337,2025-06-18 09:55:38,AAPL,150.41,920,buy,NASDAQ
tx_0004025,2025-06-18 09:55:40,PEP,147.12,525,buy,NYSE
tx_0009688,2025-06-18 09:55:42,AMZN,3486.08,337,buy,NASDAQ
tx_0007552,2025-06-18 09:55:53,MCD,249.91,113,buy,NYSE
tx_0005868,2025-06-18 09:55:53,PYPL,247.21,806,buy,NASDAQ
tx_0003801,2025-06-18 09:55:54,NVDA,198.35,601,sell,NASDAQ
tx_0005158,2025-06-18 09:55:59,TSLA,718.6,710,sell,NASDAQ
tx_0003184,2025-06-18 09:56:00,TSLA,723.09,312,buy,NASDAQ
tx_0006024,2025-06-18 09:56:02,NVDA,200.11,628,buy,NASDAQ
tx_0004639,2025-06-18 09:56:04,MA,342.82,852,sell,NYSE
tx_0005481,2025-06-18 09:56:04,MCD,253.74,756,sell,NYSE
tx_0002560,2025-06-18 09:56:05,NFLX,496.03,692,sell,NASDAQ
tx_0002447,2025-06-18 09:56:05,MCD,252.52,934,sell,NYSE
tx_0002177,2025-06-18 09:56:06,PYPL,249.58,223,buy,NASDAQ
tx_0000007,2025-06-18 09:56:10,AMZN,3507.74,222,sell,NASDAQ
tx_0003305,2025-06-18 09:56:12,NFLX,491.82,959,buy,NASDAQ
tx_0002981,2025-06-18 09:56:15,FB,336.07,485,buy,NASDAQ
tx_0009806,2025-06-18 09:56:16,PG,137.82,796,buy,NYSE
tx_0006653,2025-06-18 09:56:17,MSFT,304.68,470,buy,NASDAQ
tx_0006082,2025-06-18 09:56:19,BRK.B,285.81,483,buy,NYSE
tx_0006448,2025-06-18 09:56:20,KO,53.76,619,sell,NYSE
tx_0005610,2025-06-18 09:56:23,NVDA,200.18,719,buy,NASDAQ
tx_0004549,2025-06-18 09:56:25,MSFT,301.04,367,buy,NASDAQ
tx_0004604,2025-06-18 09:56:28,JNJ,170.87,318,sell,NYSE
tx_0007340,2025-06-18 09:56:29,MSFT,303.01,212,buy,NASDAQ
tx_0007191,2025-06-18 09:56:31,MCD,254.61,687,buy,NYSE
tx_0001052,2025-06-18 09:56:31,PG,138.17,442,sell,NYSE
tx_0000569,2025-06-18 09:56:33,ADBE,616.6,994,,NASDAQ
tx_0009263,2025-06-18 09:56:37,AMZN,3502.94,671,sell,NASDAQ
tx_0007261,2025-06-18 09:56:38,FB,337.14,949,sell,NASDAQ
tx_0005146,2025-06-18 09:56:47,GOOGL,2649.0,332,sell,NASDAQ
tx_0008460,2025-06-18 09:56:49,MA,346.65,351,sell,NYSE
tx_0003993,2025-06-18 09:56:55,PYPL,245.1,311,sell,NASDAQ
tx_0002299,2025-06-18 09:56:59,MA,344.27,509,buy,NYSE
tx_0006034,2025-06-18 09:57:00,MSFT,302.36,306,sell,NASDAQ
tx_0008774,2025-06-18 09:57:02,TSLA,709.03,741,sell,NASDAQ
tx_0006140,2025-06-18 09:57:04,JNJ,170.28,645,sell,NYSE
tx_0002073,2025-06-18 09:57:05,PEP,148.37,468,sell,NYSE
tx_0008763,2025-06-18 09:57:05,BRK.B,286.81,685,buy,NYSE
tx_0009363,2025-06-18 09:57:08,KO,54.09,458,buy,NYSE
tx_0005093,2025-06-18 09:57:08,PYPL,246.31,800,buy,NASDAQ
tx_0004172,2025-06-18 09:57:10,NVDA,,141,buy,NASDAQ
tx_0006311,2025-06-18 09:57:13,AMZN,3544.81,338,,NASDAQ
tx_0007613,2025-06-18 09:57:13,MSFT,305.37,968,sell,NASDAQ
tx_0006950,2025-06-18 09:57:16,PYPL,248.59,642,sell,NASDAQ
tx_0009148,2025-06-18 09:57:16,MA,344.45,814,sell,NYSE
tx_0003964,2025-06-18 09:57:16,PEP,147.24,912,buy,NYSE
tx_0001300,2025-06-18 09:57:17,NVDA,199.39,928,buy,NASDAQ
tx_0009639,2025-06-18 09:57:17,GOOGL,2647.92,656,sell,NASDAQ
tx_0000114,2025-06-18 09:57:18,MCD,253.14,962,buy,NYSE
tx_0001945,2025-06-18 09:57:26,MCD,253.65,589,sell,NYSE
tx_0006757,2025-06-18 09:57:27,DIS,183.67,548,sell,NYSE
tx_0007160,2025-06-18 09:57:29,KO,53.53,252,sell,NYSE
tx_0008130,2025-06-18 09:57:30,MSFT,305.44,269,buy,NASDAQ
tx_0006855,2025-06-18 09:57:31,GOOGL,2707.29,118,buy,NASDAQ
tx_0000079,2025-06-18 09:57:32,PEP,148.63,253,sell,NYSE
tx_0006706,2025-06-18 09:57:34,GOOGL,2659.88,194,sell,NASDAQ
tx_0000576,2025-06-18 09:57:38,V,221.37,725,sell,NYSE
tx_0001312,2025-06-18 09:57:42,ADBE,618.24,727,sell,NASDAQ
tx_0000434,2025-06-18 09:57:48,FB,338.13,805,sell,NASDAQ
tx_0000029,2025-06-18 09:57:53,FB,339.15,140,buy,NASDAQ
tx_0001789,2025-06-18 09:57:53,V,220.18,215,sell,NYSE
tx_0000547,2025-06-18 09:57:55,NVDA,198.66,822,sell,NASDAQ
tx_0002265,2025-06-18 09:57:57,TSLA,716.02,225,buy,NASDAQ
tx_0005465,2025-06-18 09:57:59,FB,336.6,673,buy,NASDAQ
tx_0008771,2025-06-18 09:57:59,MSFT,307.03,586,buy,NASDAQ
tx_0006709,2025-06-18 09:58:01,V,223.03,698,sell,NYSE
tx_0004298,2025-06-18 09:58:03,TSLA,721.63,827,buy,NASDAQ
tx_0004784,2025-06-18 09:58:07,MA,344.06,471,sell,NYSE
tx_0004670,2025-06-18 09:58:07,PYPL,246.24,252,buy,NASDAQ
tx_0008364,2025-06-18 09:58:10,PEP,150.0,562,sell,NYSE
tx_0006805,2025-06-18 09:58:11,PEP,149.64,383,buy,NYSE
tx_0004609,2025-06-18 09:58:11,ADBE,622.08,326,buy,NASDAQ
tx_0004120,2025-06-18 09:58:13,MA,349.49,624,sell,NYSE
tx_0002606,2025-06-18 09:58:18,MSFT,302.29,174,buy,NASDAQ
tx_0001824,2025-06-18 09:58:19,PEP,147.93,962,sell,NYSE
tx_0002951,2025-06-18 09:58:19,JNJ,171.71,221,sell,NYSE
tx_0007080,2025-06-18 09:58:21,ADBE,624.57,358,buy,NASDAQ
tx_0009338,2025-06-18 09:58:25,AMZN,3551.05,664,sell,NASDAQ
tx_0002059,2025-06-18 09:58:26,AAPL,151.11,416,sell,NASDAQ
tx_0000123,2025-06-18 09:58:27,DIS,182.6,179,buy,NYSE
tx_0004925,2025-06-18 09:58:27,PEP,149.55,785,buy,NYSE
tx_0009383,2025-06-18 09:58:29,WMT,138.37,831,buy,NYSE
tx_0008640,2025-06-18 09:58:31,AAPL,149.41,555,sell,NASDAQ
tx_0003810,2025-06-18 09:58:32,AMZN,,499,buy,NASDAQ
tx_0005754,2025-06-18 09:58:36,BRK.B,283.37,108,buy,NYSE
tx_0005591,2025-06-18 09:58:36,WMT,137.66,432,buy,NYSE
tx_0002263,2025-06-18 09:58:37,WMT,139.76,551,buy,NYSE
tx_0006262,2025-06-18 09:58:39,FB,338.48,129,buy,NASDAQ
tx_0000278,2025-06-18 09:58:41,AMZN,3488.47,219,sell,NASDAQ
tx_0006748,2025-06-18 09:58:42,JNJ,170.99,292,buy,NYSE
tx_0004157,2025-06-18 09:58:42,JNJ,170.22,128,buy,NYSE
tx_0002958,2025-06-18 09:58:42,AMZN,3468.67,792,buy,NASDAQ
tx_0005556,2025-06-18 09:58:44,NFLX,494.8,597,sell,NASDAQ
tx_0002574,2025-06-18 09:58:45,BRK.B,281.04,471,sell,NYSE
tx_0000928,2025-06-18 09:58:46,JNJ,170.89,485,sell,NYSE
tx_0003949,2025-06-18 09:58:46,MCD,254.15,821,sell,NYSE
tx_0008245,2025-06-18 09:58:51,MSFT,304.76,362,sell,NASDAQ
tx_0003866,2025-06-18 09:58:53,PYPL,244.6,367,buy,NASDAQ
tx_0002791,2025-06-18 09:58:54,GOOGL,2696.16,682,buy,NASDAQ
tx_0009216,2025-06-18 09:59:07,BRK.B,285.12,460,sell,NYSE
tx_0007663,2025-06-18 09:59:12,PEP,148.32,986,sell,NYSE
tx_0007635,2025-06-18 09:59:12,PEP,149.36,448,buy,NYSE
tx_0009836,2025-06-18 09:59:13,KO,54.06,578,buy,NYSE
tx_0004693,2025-06-18 09:59:13,FB,333.34,904,sell,NASDAQ
tx_0001301,2025-06-18 09:59:20,NVDA,197.11,487,buy,NASDAQ
tx_0000384,2025-06-18 09:59:23,BRK.B,283.84,528,buy,NYSE
tx_0009160,2025-06-18 09:59:30,BRK.B,280.42,358,buy,NYSE
tx_0003301,2025-06-18 09:59:30,AAPL,149.66,273,sell,NASDAQ
tx_0005350,2025-06-18 09:59:30,MSFT,304.51,845,sell,NASDAQ
tx_0002894,2025-06-18 09:59:30,PEP,149.82,450,buy,NYSE
tx_0001582,2025-06-18 09:59:34,WMT,138.62,513,sell,NYSE
tx_0009079,2025-06-18 09:59:35,MSFT,305.0,563,buy,NASDAQ
tx_0009169,2025-06-18 09:59:37,AAPL,148.26,471,sell,NASDAQ
tx_0009608,2025-06-18 09:59:41,AAPL,148.13,883,buy,NASDAQ
tx_0001445,2025-06-18 09:59:42,WMT,140.21,734,buy,NYSE
tx_0000109,2025-06-18 09:59:43,MCD,255.26,934,buy,NYSE
tx_0004273,2025-06-18 09:59:45,ADBE,615.63,484,buy,NASDAQ
tx_0007709,2025-06-18 09:59:45,NVDA,196.51,302,buy,NASDAQ
tx_0004864,2025-06-18 09:59:47,GOOGL,2697.0,903,buy,NASDAQ
tx_0000136,2025-06-18 09:59:53,DIS,181.37,725,buy,NYSE
tx_0002410,2025-06-18 10:00:00,PYPL,246.4,521,sell,NASDAQ
tx_0000090,2025-06-18 10:00:00,MCD,255.32,446,sell,NYSE
tx_0004466,2025-06-18 10:00:01,KO,54.31,266,buy,NYSE
tx_0008345,2025-06-18 10:00:03,JNJ,170.34,586,sell,NYSE
tx_0007639,2025-06-18 10:00:03,MA,342.59,323,buy,NYSE
tx_0003407,2025-06-18 10:00:04,V,221.88,198,sell,NYSE
tx_0002159,2025-06-18 10:00:05,MCD,254.66,731,sell,NYSE
tx_0009404,2025-06-18 10:00:08,BRK.B,285.91,967,buy,NYSE
tx_0003596,2025-06-18 10:00:12,JNJ,171.15,574,buy,NYSE
tx_0006137,2025-06-18 10:00:17,MSFT,302.61,947,buy,NASDAQ
tx_0007666,2025-06-18 10:00:19,JNJ,170.93,488,buy,NYSE
tx_0008099,2025-06-18 10:00:21,FB,338.11,352,buy,NASDAQ
tx_0008968,2025-06-18 10:00:21,FB,338.44,854,buy,NASDAQ
tx_0009804,2025-06-18 10:00:26,GOOGL,2720.83,142,buy,NASDAQ
tx_0008410,2025-06-18 10:00:26,NVDA,199.36,924,buy,NASDAQ
tx_0008636,2025-06-18 10:00:28,MA,341.68,761,buy,NYSE
tx_0000541,2025-06-18 10:00:29,ADBE,611.79,191,sell,NASDAQ
tx_0009523,2025-06-18 10:00:30,DIS,183.02,860,sell,NYSE
tx_0005470,2025-06-18 10:00:31,AAPL,149.08,713,sell,NASDAQ
tx_0004406,2025-06-18 10:00:31,DIS,184.02,785,sell,NYSE
tx_0000168,2025-06-18 10:00:36,JNJ,171.3,904,buy,NYSE
tx_0005789,2025-06-18 10:00:37,NVDA,198.5,246,buy,NASDAQ
tx_0003926,2025-06-18 10:00:37,MCD,253.7,279,sell,NYSE
tx_0001833,2025-06-18 10:00:39,V,220.5,693,buy,NYSE
tx_0009570,2025-06-18 10:00:48,DIS,183.35,752,buy,NYSE
tx_0001386,2025-06-18 10:00:52,PEP,147.09,250,sell,NYSE
tx_0008029,2025-06-18 10:00:59,MA,347.92,190,buy,NYSE
tx_0009376,2025-06-18 10:00:59,ADBE,623.87,610,sell,NASDAQ
tx_0006946,2025-06-18 10:01:01,V,221.48,900,sell,NYSE
tx_0008899,2025-06-18 10:01:02,DIS,183.28,469,sell,NYSE
tx_0008052,2025-06-18 10:01:03,AMZN,3497.07,146,buy,NASDAQ
tx_0004143,2025-06-18 10:01:04,ADBE,621.18,126,sell,NASDAQ
tx_0003634,2025-06-18 10:01:09,MSFT,302.0,102,sell,
tx_0002900,2025-06-18 10:01:09,KO,54.27,885,sell,NYSE
tx_0007043,2025-06-18 10:01:12,PEP,149.85,594,buy,NYSE
tx_0002633,2025-06-18 10:01:15,MA,347.5,486,sell,NYSE
tx_0006524,2025-06-18 10:01:17,PEP,149.56,402,buy,NYSE
tx_0001347,2025-06-18 10:01:19,AAPL,149.81,684,buy,NASDAQ
tx_0005042,2025-06-18 10:01:19,FB,334.56,914,sell,NASDAQ
tx_0007535,2025-06-18 10:01:20,V,220.13,742,sell,NYSE
tx_0000838,2025-06-18 10:01:23,PEP,147.24,204,sell,NYSE
tx_0003172,2025-06-18 10:01:25,PG,137.44,258,buy,NYSE
tx_0007433,2025-06-18 10:01:30,PEP,148.77,753,sell,NYSE
tx_0005881,2025-06-18 10:01:33,WMT,139.59,944,buy,NYSE
tx_0000510,2025-06-18 10:01:36,MA,344.18,831,sell,NYSE
tx_0007256,2025-06-18 10:01:37,GOOGL,2690.58,196,buy,NASDAQ
tx_0001336,2025-06-18 10:01:39,DIS,182.1,821,sell,NYSE
tx_0003510,2025-06-18 10:01:41,MA,347.43,704,buy,NYSE
tx_0003598,2025-06-18 10:01:41,NFLX,496.48,531,buy,NASDAQ
tx_0001177,2025-06-18 10:01:46,BRK.B,283.85,421,buy,NYSE
tx_0007197,2025-06-18 10:01:50,KO,54.11,120,buy,NYSE
tx_0007109,2025-06-18 10:01:59,V,222.74,224,buy,NYSE
tx_0008147,2025-06-18 10:02:01,MA,343.36,110,sell,NYSE
tx_0000796,2025-06-18 10:02:05,NFLX,496.64,106,sell,NASDAQ
tx_0000693,2025-06-18 10:02:08,PEP,148.13,495,sell,NYSE
tx_0006349,2025-06-18 10:02:09,MCD,255.54,909,buy,NYSE
tx_0003404,2025-06-18 10:02:11,DIS,181.8,219,buy,NYSE
tx_0006961,2025-06-18 10:02:25,GOOGL,2708.98,173,sell,NASDAQ
tx_0005121,2025-06-18 10:02:25,PG,137.93,405,sell,NYSE
tx_0007889,2025-06-18 10:02:35,MSFT,301.8,294,sell,NASDAQ
tx_0005153,2025-06-18 10:02:40,FB,335.33,863,buy,NASDAQ
tx_0003888,2025-06-18 10:02:41,NVDA,195.28,255,sell,NASDAQ
tx_0002595,2025-06-18 10:02:42,JNJ,171.77,475,buy,NYSE
tx_0002072,2025-06-18 10:02:44,FB,336.57,653,buy,NASDAQ
tx_0009397,2025-06-18 10:02:48,AMZN,3506.63,690,buy,NASDAQ
tx_0001363,2025-06-18 10:02:49,PG,137.9,823,sell,NYSE
tx_0004497,2025-06-18 10:02:50,V,218.45,960,sell,NYSE
tx_0009670,2025-06-18 10:02:51,DIS,184.12,951,sell,NYSE
tx_0003842,2025-06-18 10:02:55,BRK.B,280.81,102,buy,NYSE
tx_0008568,2025-06-18 10:02:57,MA,345.92,502,buy,NYSE
tx_0001329,2025-06-18 10:02:58,PYPL,244.78,401,,NASDAQ
tx_0002201,2025-06-18 10:03:03,FB,335.73,203,buy,NASDAQ
tx_0009207,2025-06-18 10:03:05,WMT,138.8,276,buy,NYSE
tx_0009780,2025-06-18 10:03:07,DIS,185.77,854,sell,NYSE
tx_0005231,2025-06-18 10:03:08,JNJ,171.43,915,sell,NYSE
tx_0002492,2025-06-18 10:03:08,MCD,253.63,299,sell,NYSE
tx_0001805,2025-06-18 10:03:12,JNJ,169.02,737,sell,NYSE
tx_0003536,2025-06-18 10:03:13,TSLA,719.29,669,sell,NASDAQ
tx_0008288,2025-06-18 10:03:13,GOOGL,2673.02,801,buy,NASDAQ
tx_0002558,2025-06-18 10:03:17,PYPL,247.14,584,buy,NASDAQ
tx_0005967,2025-06-18 10:03:19,MCD,251.09,356,buy,NYSE
tx_0008558,2025-06-18 10:03:22,FB,340.16,490,sell,NASDAQ
tx_0007271,2025-06-18 10:03:22,NVDA,196.61,357,sell,NASDAQ
tx_0001460,2025-06-18 10:03:24,TSLA,726.32,594,sell,NASDAQ
tx_0003757,2025-06-18 10:03:25,TSLA,723.73,984,sell,NASDAQ
tx_0001928,2025-06-18 10:03:25,NFLX,494.12,535,buy,NASDAQ
tx_0008240,2025-06-18 10:03:29,MA,348.06,492,buy,NYSE
tx_0003244,2025-06-18 10:03:29,AAPL,148.3,685,sell,NASDAQ
tx_0000692,2025-06-18 10:03:32,PEP,149.69,184,sell,NYSE
tx_0002645,2025-06-18 10:03:34,AAPL,148.91,358,buy,NASDAQ
tx_0002991,2025-06-18 10:03:39,NVDA,197.52,895,sell,NASDAQ
tx_0007567,2025-06-18 10:03:40,AAPL,150.08,104,sell,NASDAQ
tx_0008027,2025-06-18 10:03:41,BRK.B,284.11,659,sell,NYSE
tx_0004379,2025-06-18 10:03:44,MA,349.21,822,buy,NYSE
tx_0005427,2025-06-18 10:03:49,MCD,251.61,623,sell,NYSE
tx_0001080,2025-06-18 10:03:51,NFLX,486.92,158,buy,NASDAQ
tx_0008786,2025-06-18 10:03:51,ADBE,611.58,694,sell,NASDAQ
tx_0000633,2025-06-18 10:03:55,PYPL,243.32,501,buy,NASDAQ
tx_0002846,2025-06-18 10:03:56,PYPL,243.41,328,sell,NASDAQ
tx_0008886,2025-06-18 10:04:00,NVDA,197.7,344,sell,NASDAQ
tx_0004962,2025-06-18 10:04:01,MSFT,300.89,187,sell,NASDAQ
tx_0008680,2025-06-18 10:04:04,BRK.B,283.87,114,buy,NYSE
tx_0005160,2025-06-18 10:04:04,JNJ,170.85,808,sell,NYSE
tx_0004881,2025-06-18 10:04:04,JNJ,170.63,773,buy,NYSE
tx_0008828,2025-06-18 10:04:05,MCD,250.65,140,sell,NYSE
tx_0007150,2025-06-18 10:04:06,GOOGL,2709.46,815,sell,NASDAQ
tx_0007879,2025-06-18 10:04:06,ADBE,621.14,561,buy,NASDAQ
tx_0003383,2025-06-18 10:04:12,V,220.31,106,sell,NYSE
tx_0009132,2025-06-18 10:04:14,NFLX,487.6,242,buy,NASDAQ
tx_0000239,2025-06-18 10:04:14,PYPL,243.04,717,buy,NASDAQ
tx_0007818,2025-06-18 10:04:17,MSFT,302.03,453,buy,NASDAQ
tx_0006406,2025-06-18 10:04:18,DIS,181.93,687,sell,NYSE
tx_0006791,2025-06-18 10:04:22,MA,349.19,481,sell,NYSE
tx_0006780,2025-06-18 10:04:23,TSLA,726.1,761,buy,NASDAQ
tx_0009584,2025-06-18 10:04:28,MCD,251.88,398,buy,NYSE
tx_0008399,2025-06-18 10:04:30,AMZN,3518.91,179,buy,NASDAQ
tx_0002397,2025-06-18 10:04:33,FB,334.49,657,buy,NASDAQ
tx_0009326,2025-06-18 10:04:33,TSLA,715.82,697,sell,NASDAQ
tx_0007702,2025-06-18 10:04:37,DIS,183.92,593,sell,NYSE
tx_0007946,2025-06-18 10:04:38,BRK.B,280.34,334,buy,
tx_0001095,2025-06-18 10:04:41,FB,332.19,779,buy,NASDAQ
tx_0003395,2025-06-18 10:04:54,AAPL,148.15,899,buy,NASDAQ
tx_0007308,2025-06-18 10:05:13,TSLA,717.89,594,sell,NASDAQ
tx_0002999,2025-06-18 10:05:13,NFLX,487.33,879,sell,NASDAQ
tx_0004617,2025-06-18 10:05:15,AMZN,3516.85,915,sell,NASDAQ
tx_0002014,2025-06-18 10:05:15,PYPL,246.45,974,buy,NASDAQ
tx_0004300,2025-06-18 10:05:18,AAPL,147.6,217,buy,NASDAQ
tx_0001444,2025-06-18 10:05:22,MA,348.6,198,sell,NYSE
tx_0009031,2025-06-18 10:05:22,PEP,148.35,372,buy,NYSE
tx_0008852,2025-06-18 10:05:24,FB,336.36,932,buy,NASDAQ
tx_0007606,2025-06-18 10:05:25,BRK.B,280.78,657,buy,NYSE
tx_0000859,2025-06-18 10:05:27,NVDA,196.7,761,buy,NASDAQ
tx_0007759,2025-06-18 10:05:29,GOOGL,2706.22,233,buy,NASDAQ
tx_0004312,2025-06-18 10:05:31,MA,344.59,813,sell,NYSE
tx_0002931,2025-06-18 10:05:33,FB,337.16,896,buy,NASDAQ
tx_0001243,2025-06-18 10:05:35,MA,347.31,203,sell,NYSE
tx_0001907,2025-06-18 10:05:36,FB,335.54,736,,NASDAQ
tx_0002337,2025-06-18 10:05:37,PG,136.12,473,buy,NYSE
tx_0005942,2025-06-18 10:05:39,DIS,184.04,722,sell,
tx_0009875,2025-06-18 10:05:46,PYPL,243.78,779,sell,NASDAQ
tx_0006276,2025-06-18 10:05:50,MA,345.9,765,buy,NYSE
tx_0001563,2025-06-18 10:05:51,V,217.66,197,sell,NYSE
tx_0002395,2025-06-18 10:05:55,FB,337.29,650,buy,NASDAQ
tx_0008448,2025-06-18 10:05:58,DIS,183.84,256,buy,NYSE
tx_0003995,2025-06-18 10:06:00,V,218.01,838,buy,NYSE
tx_0001439,2025-06-18 10:06:02,V,219.76,269,sell,NYSE
tx_0004562,2025-06-18 10:06:03,PG,137.12,109,sell,NYSE
tx_0000848,2025-06-18 10:06:03,MCD,252.61,130,sell,NYSE
tx_0008623,2025-06-18 10:06:07,AAPL,147.67,721,buy,NASDAQ
tx_0005168,2025-06-18 10:06:08,BRK.B,282.04,428,sell,NYSE
tx_0005362,2025-06-18 10:06:10,NFLX,487.28,285,buy,NASDAQ
tx_0005387,2025-06-18 10:06:11,PYPL,245.77,768,buy,NASDAQ
tx_0001268,2025-06-18 10:06:15,NVDA,196.33,612,sell,NASDAQ
tx_0000792,2025-06-18 10:06:18,KO,53.87,980,sell,NYSE
tx_0000733,2025-06-18 10:06:20,GOOGL,2678.11,482,sell,NASDAQ
tx_0005161,2025-06-18 10:06:23,AAPL,149.24,770,sell,NASDAQ
tx_0000265,2025-06-18 10:06:25,BRK.B,284.46,632,buy,NYSE
tx_0008292,2025-06-18 10:06:27,MCD,252.5,718,sell,NYSE
tx_0009328,2025-06-18 10:06:28,MSFT,299.71,438,sell,NASDAQ
tx_0002120,2025-06-18 10:06:32,KO,54.51,316,buy,NYSE
tx_0002359,2025-06-18 10:06:34,TSLA,714.09,930,buy,NASDAQ
tx_0001955,2025-06-18 10:06:35,V,220.58,217,sell,NYSE
tx_0009574,2025-06-18 10:06:35,WMT,137.32,999,sell,NYSE
tx_0003162,2025-06-18 10:06:36,KO,54.43,366,sell,NYSE
tx_0003026,2025-06-18 10:06:36,JNJ,170.13,566,buy,NYSE
tx_0001836,2025-06-18 10:06:37,AMZN,3528.04,595,sell,NASDAQ
tx_0003394,2025-06-18 10:06:39,DIS,181.48,994,buy,NYSE
tx_0006446,2025-06-18 10:06:39,FB,334.37,227,buy,NASDAQ
tx_0007814,2025-06-18 10:06:40,PYPL,244.11,323,buy,NASDAQ
tx_0004118,2025-06-18 10:06:51,MSFT,300.16,428,sell,NASDAQ
tx_0003066,2025-06-18 10:06:52,MSFT,300.43,474,sell,NASDAQ
tx_0003117,2025-06-18 10:06:55,JNJ,171.74,523,buy,NYSE
tx_0005013,2025-06-18 10:06:59,AAPL,149.79,872,,NASDAQ
tx_0000618,2025-06-18 10:06:59,PEP,148.17,499,sell,NYSE
tx_0004632,2025-06-18 10:07:04,NFLX,489.88,578,buy,NASDAQ
tx_0005662,2025-06-18 10:07:06,FB,333.03,221,buy,NASDAQ
tx_0003829,2025-06-18 10:07:10,FB,331.5,521,buy,NASDAQ
tx_0006107,2025-06-18 10:07:11,KO,54.62,454,sell,NYSE
tx_0008549,2025-06-18 10:07:17,AMZN,3535.74,689,sell,NASDAQ
tx_0005615,2025-06-18 10:07:19,BRK.B,285.85,362,buy,NYSE
tx_0005339,2025-06-18 10:07:19,GOOGL,2676.03,913,sell,
tx_0005534,2025-06-18 10:07:21,KO,53.82,844,sell,NYSE
tx_0008878,2025-06-18 10:07:25,GOOGL,2690.35,777,sell,NASDAQ
tx_0009757,2025-06-18 10:07:27,DIS,181.4,199,buy,NYSE
tx_0003346,2025-06-18 10:07:28,AMZN,3561.28,678,buy,NASDAQ
tx_0004178,2025-06-18 10:07:32,V,221.15,288,sell,NYSE
tx_0006815,2025-06-18 10:07:37,JNJ,170.65,992,sell,NYSE
tx_0009312,2025-06-18 10:07:37,FB,334.22,325,sell,NASDAQ
tx_0005490,2025-06-18 10:07:39,AAPL,148.52,360,sell,NASDAQ
tx_0003463,2025-06-18 10:07:41,KO,54.66,959,buy,NYSE
tx_0006504,2025-06-18 10:07:41,MA,347.93,981,sell,
tx_0000243,2025-06-18 10:07:42,GOOGL,2695.39,298,buy,NASDAQ
tx_0003620,2025-06-18 10:07:49,ADBE,618.66,468,sell,NASDAQ
tx_0004851,2025-06-18 10:07:56,KO,54.99,245,buy,NYSE
tx_0009835,2025-06-18 10:08:04,V,220.08,102,buy,NYSE
tx_0004294,2025-06-18 10:08:04,PEP,144.95,883,sell,NYSE
tx_0003776,2025-06-18 10:08:09,FB,331.41,940,sell,NASDAQ
tx_0003595,2025-06-18 10:08:12,AAPL,150.74,161,buy,NASDAQ
tx_0006355,2025-06-18 10:08:13,AMZN,3528.3,982,buy,NASDAQ
tx_0002661,2025-06-18 10:08:18,DIS,185.21,772,sell,NYSE
tx_0006619,2025-06-18 10:08:18,PG,136.68,753,buy,NYSE
tx_0002012,2025-06-18 10:08:20,AAPL,148.75,893,sell,NASDAQ
tx_0004037,2025-06-18 10:08:20,V,220.61,816,sell,NYSE
tx_0009468,2025-06-18 10:08:23,MCD,251.83,974,buy,NYSE
tx_0000516,2025-06-18 10:08:24,GOOGL,2672.68,164,sell,NASDAQ
tx_0001090,2025-06-18 10:08:26,V,219.42,259,sell,NYSE
tx_0002288,2025-06-18 10:08:29,FB,336.68,569,buy,NASDAQ
tx_0001081,2025-06-18 10:08:30,GOOGL,2675.22,292,sell,NASDAQ
tx_0007647,2025-06-18 10:08:32,GOOGL,2686.51,713,buy,NASDAQ
tx_0004188,2025-06-18 10:08:35,NFLX,490.4,751,buy,NASDAQ
tx_0003535,2025-06-18 10:08:35,ADBE,620.84,171,sell,NASDAQ
tx_0006871,2025-06-18 10:08:41,BRK.B,283.69,941,sell,NYSE
tx_0008227,2025-06-18 10:08:41,PYPL,246.15,752,buy,NASDAQ
tx_0001499,2025-06-18 10:08:48,BRK.B,280.0,652,sell,NYSE
tx_0002632,2025-06-18 10:08:53,AAPL,148.6,905,sell,NASDAQ
tx_0000476,2025-06-18 10:08:59,MA,347.13,981,sell,NYSE
tx_0004072,2025-06-18 10:09:04,AMZN,3527.56,970,buy,NASDAQ
tx_0008289,2025-06-18 10:09:07,FB,331.93,927,buy,NASDAQ
tx_0007299,2025-06-18 10:09:09,FB,334.57,142,sell,NASDAQ
tx_0002516,2025-06-18 10:09:10,DIS,184.27,639,sell,NYSE
tx_0003197,2025-06-18 10:09:13,NFLX,486.62,248,buy,NASDAQ
tx_0005687,2025-06-18 10:09:14,MCD,255.26,599,sell,NYSE
tx_0009926,2025-06-18 10:09:21,DIS,184.13,144,sell,NYSE
tx_0009252,2025-06-18 10:09:24,WMT,138.96,646,sell,NYSE
tx_0001391,2025-06-18 10:09:28,FB,331.5,661,buy,NASDAQ
tx_0008826,2025-06-18 10:09:30,MCD,252.57,751,buy,NYSE
tx_0001593,2025-06-18 10:09:34,MCD,251.92,172,sell,NYSE
tx_0009883,2025-06-18 10:09:37,AMZN,3512.33,328,sell,NASDAQ
tx_0005973,2025-06-18 10:09:42,AMZN,3522.09,665,sell,NASDAQ
tx_0001491,2025-06-18 10:09:45,AMZN,3522.18,243,sell,NASDAQ
tx_0007531,2025-06-18 10:09:46,DIS,183.21,215,buy,NYSE
tx_0004171,2025-06-18 10:09:49,MSFT,303.76,690,buy,NASDAQ
tx_0004838,2025-06-18 10:09:51,V,218.8,132,sell,NYSE
tx_0005113,2025-06-18 10:09:52,JNJ,169.73,698,buy,NYSE
tx_0003393,2025-06-18 10:09:52,ADBE,627.88,854,buy,NASDAQ
tx_0004162,2025-06-18 10:09:56,TSLA,718.03,191,sell,NASDAQ
tx_0009344,2025-06-18 10:09:57,MSFT,298.8,448,sell,NASDAQ
tx_0004882,2025-06-18 10:09:58,WMT,137.32,322,buy,NYSE
tx_0008764,2025-06-18 10:09:59,FB,335.22,853,sell,NASDAQ
tx_0000234,2025-06-18 10:10:02,MSFT,302.39,296,buy,NASDAQ
tx_0007416,2025-06-18 10:10:02,GOOGL,2662.17,936,buy,NASDAQ
tx_0008327,2025-06-18 10:10:06,TSLA,719.49,566,buy,NASDAQ
tx_0006385,2025-06-18 10:10:10,NFLX,490.56,353,buy,NASDAQ
tx_0004327,2025-06-18 10:10:11,AAPL,147.83,283,buy,NASDAQ
tx_0009768,2025-06-18 10:10:13,PG,136.31,872,buy,NYSE
tx_0000338,2025-06-18 10:10:13,FB,331.04,842,buy,NASDAQ
tx_0001316,2025-06-18 10:10:13,AAPL,149.83,160,buy,NASDAQ
tx_0002444,2025-06-18 10:10:15,ADBE,628.44,398,sell,NASDAQ
tx_0001449,2025-06-18 10:10:19,DIS,184.19,583,sell,NYSE
tx_0008265,2025-06-18 10:10:24,FB,331.43,411,sell,NASDAQ
tx_0008112,2025-06-18 10:10:25,TSLA,723.12,658,buy,NASDAQ
tx_0000067,2025-06-18 10:10:27,NFLX,492.49,296,buy,NASDAQ
tx_0007908,2025-06-18 10:10:27,ADBE,623.42,941,buy,NASDAQ
tx_0004702,2025-06-18 10:10:27,PEP,146.2,671,buy,NYSE
tx_0000721,2025-06-18 10:10:33,ADBE,620.98,781,sell,NASDAQ
tx_0009846,2025-06-18 10:10:35,TSLA,715.07,284,sell,NASDAQ
tx_0002175,2025-06-18 10:10:35,V,221.66,343,sell,NYSE
tx_0009943,2025-06-18 10:10:36,FB,330.45,763,buy,NASDAQ
tx_0004434,2025-06-18 10:10:36,JNJ,,205,sell,NYSE
tx_0005546,2025-06-18 10:10:39,BRK.B,283.15,164,buy,NYSE
tx_0006033,2025-06-18 10:10:41,KO,53.64,987,buy,NYSE
tx_0002529,2025-06-18 10:10:43,FB,329.68,526,buy,NASDAQ
tx_0005612,2025-06-18 10:10:52,MA,346.77,276,sell,NYSE
tx_0006272,2025-06-18 10:10:59,MSFT,300.42,666,sell,NASDAQ
tx_0001162,2025-06-18 10:11:01,NFLX,491.92,809,sell,NASDAQ
tx_0000484,2025-06-18 10:11:03,DIS,182.33,323,sell,NYSE
tx_0005893,2025-06-18 10:11:03,ADBE,627.08,949,buy,NASDAQ
tx_0001292,2025-06-18 10:11:06,PG,137.36,974,buy,NYSE
tx_0008552,2025-06-18 10:11:09,PYPL,244.98,311,sell,NASDAQ
tx_0004671,2025-06-18 10:11:10,TSLA,718.72,307,sell,NASDAQ
tx_0005807,2025-06-18 10:11:11,WMT,138.14,154,sell,NYSE
tx_0007560,2025-06-18 10:11:14,FB,333.72,228,buy,NASDAQ
tx_0001758,2025-06-18 10:11:15,TSLA,719.4,838,sell,NASDAQ
tx_0001930,2025-06-18 10:11:18,JNJ,169.41,187,sell,NYSE
tx_0005278,2025-06-18 10:11:24,PG,138.04,399,sell,NYSE
tx_0005638,2025-06-18 10:11:26,V,221.26,281,sell,NYSE
tx_0009799,2025-06-18 10:11:28,MA,347.81,429,sell,NYSE
tx_0003730,2025-06-18 10:11:35,DIS,183.96,878,sell,NYSE
tx_0001800,2025-06-18 10:11:35,MA,349.48,505,buy,NYSE
tx_0003125,2025-06-18 10:11:41,PYPL,243.29,742,sell,NASDAQ
tx_0007601,2025-06-18 10:11:43,FB,332.94,765,buy,NASDAQ
tx_0007919,2025-06-18 10:11:45,MCD,253.35,767,buy,NYSE
tx_0006578,2025-06-18 10:11:47,TSLA,718.86,733,buy,NASDAQ
tx_0008621,2025-06-18 10:11:47,PG,135.25,432,sell,NYSE
tx_0001014,2025-06-18 10:11:49,NFLX,491.3,506,sell,NASDAQ
tx_0002472,2025-06-18 10:11:54,NVDA,197.75,245,buy,NASDAQ
tx_0001476,2025-06-18 10:11:59,AAPL,149.27,562,sell,NASDAQ
tx_0005985,2025-06-18 10:12:01,KO,53.65,496,sell,NYSE
tx_0006517,2025-06-18 10:12:03,WMT,136.82,699,buy,NYSE
tx_0001853,2025-06-18 10:12:03,NFLX,487.9,677,sell,NASDAQ
tx_0006372,2025-06-18 10:12:05,MCD,253.43,107,sell,NYSE
tx_0008408,2025-06-18 10:12:05,MA,350.46,281,sell,NYSE
tx_0002915,2025-06-18 10:12:06,MSFT,299.2,430,sell,NASDAQ
tx_0008876,2025-06-18 10:12:07,GOOGL,2721.19,241,sell,NASDAQ
tx_0009661,2025-06-18 10:12:07,FB,334.58,761,buy,NASDAQ
tx_0006500,2025-06-18 10:12:10,V,221.01,934,buy,NYSE
tx_0000943,2025-06-18 10:12:22,AMZN,3544.92,376,sell,NASDAQ
tx_0004179,2025-06-18 10:12:24,NVDA,199.35,983,sell,NASDAQ
tx_0004326,2025-06-18 10:12:32,AMZN,3533.32,184,buy,NASDAQ
tx_0002737,2025-06-18 10:12:37,MSFT,299.03,171,sell,NASDAQ
tx_0009978,2025-06-18 10:12:42,DIS,185.21,347,sell,NYSE
tx_0000185,2025-06-18 10:12:44,FB,335.87,636,buy,NASDAQ
tx_0009627,2025-06-18 10:12:46,GOOGL,2715.25,691,buy,NASDAQ
tx_0006649,2025-06-18 10:12:47,PG,136.57,626,buy,NYSE
tx_0000138,2025-06-18 10:12:47,KO,53.96,462,buy,NYSE
tx_0006928,2025-06-18 10:12:47,JNJ,169.15,802,sell,
tx_0004383,2025-06-18 10:12:48,ADBE,623.74,695,sell,NASDAQ
tx_0008277,2025-06-18 10:12:50,MA,345.95,265,sell,NYSE
tx_0003102,2025-06-18 10:12:52,NVDA,199.67,565,buy,NASDAQ
tx_0006998,2025-06-18 10:13:02,AAPL,149.48,460,sell,NASDAQ
tx_0008782,2025-06-18 10:13:04,MSFT,298.71,333,sell,NASDAQ
tx_0007888,2025-06-18 10:13:12,KO,54.81,527,buy,NYSE
tx_0005044,2025-06-18 10:13:13,KO,53.85,328,sell,NYSE
tx_0007291,2025-06-18 10:13:15,KO,54.77,227,sell,NYSE
tx_0007419,2025-06-18 10:13:17,GOOGL,2706.12,316,sell,NASDAQ
tx_0001015,2025-06-18 10:13:17,GOOGL,2696.78,900,buy,NASDAQ
tx_0001361,2025-06-18 10:13:24,NFLX,489.62,921,sell,NASDAQ
tx_0007041,2025-06-18 10:13:25,MSFT,303.47,165,buy,NASDAQ
tx_0000883,2025-06-18 10:13:25,KO,54.23,193,buy,NYSE
tx_0007834,2025-06-18 10:13:28,FB,335.98,376,sell,NASDAQ
tx_0003593,2025-06-18 10:13:29,AMZN,3579.74,118,sell,NASDAQ
tx_0007417,2025-06-18 10:13:31,PEP,146.58,323,sell,NYSE
tx_0002683,2025-06-18 10:13:31,JNJ,168.37,107,sell,NYSE
tx_0005800,2025-06-18 10:13:37,GOOGL,2723.62,910,buy,NASDAQ
tx_0004905,2025-06-18 10:13:37,MCD,250.46,840,buy,NYSE
tx_0000669,2025-06-18 10:13:39,NFLX,490.84,211,sell,NASDAQ
tx_0007515,2025-06-18 10:13:40,AMZN,3530.14,167,sell,NASDAQ
tx_0000405,2025-06-18 10:13:40,JNJ,168.89,660,buy,NYSE
tx_0007368,2025-06-18 10:13:43,PG,137.96,148,buy,NYSE
tx_0001733,2025-06-18 10:13:46,ADBE,619.74,783,,NASDAQ
tx_0006166,2025-06-18 10:13:48,PYPL,243.81,556,buy,NASDAQ
tx_0001412,2025-06-18 10:13:50,KO,53.67,924,sell,NYSE
tx_0007996,2025-06-18 10:13:55,PEP,146.85,932,buy,NYSE
tx_0001422,2025-06-18 10:13:57,MSFT,303.81,496,sell,NASDAQ
tx_0009559,2025-06-18 10:13:57,PEP,145.88,145,buy,NYSE
tx_0002875,2025-06-18 10:13:59,MA,348.47,160,buy,NYSE
tx_0006765,2025-06-18 10:14:05,AMZN,3553.85,108,buy,NASDAQ
tx_0006145,2025-06-18 10:14:09,FB,335.92,813,buy,NASDAQ
tx_0002598,2025-06-18 10:14:11,PG,136.36,502,buy,NYSE
tx_0006821,2025-06-18 10:14:12,JNJ,170.64,917,sell,NYSE
tx_0006674,2025-06-18 10:14:12,MCD,254.89,437,buy,NYSE
tx_0008516,2025-06-18 10:14:16,AAPL,150.87,127,,NASDAQ
tx_0009294,2025-06-18 10:14:19,PYPL,243.0,851,buy,NASDAQ
tx_0005180,2025-06-18 10:14:19,KO,54.49,996,sell,NYSE
tx_0001960,2025-06-18 10:14:27,PG,137.92,880,buy,NYSE
tx_0005333,2025-06-18 10:14:28,ADBE,625.72,493,sell,NASDAQ
tx_0005695,2025-06-18 10:14:33,NVDA,197.2,627,sell,NASDAQ
tx_0004777,2025-06-18 10:14:34,PG,136.12,436,sell,NYSE
tx_0002188,2025-06-18 10:14:34,NVDA,197.42,684,buy,NASDAQ
tx_0001724,2025-06-18 10:14:36,FB,332.55,157,sell,NASDAQ
tx_0006831,2025-06-18 10:14:36,AAPL,150.85,953,buy,NASDAQ
tx_0009063,2025-06-18 10:14:38,NFLX,492.39,786,buy,NASDAQ
tx_0003999,2025-06-18 10:14:38,JNJ,168.06,594,buy,NYSE
tx_0005459,2025-06-18 10:14:40,DIS,180.01,752,sell,NYSE
tx_0003827,2025-06-18 10:14:44,KO,54.31,877,buy,NYSE
tx_0003763,2025-06-18 10:14:48,PEP,146.98,670,sell,NYSE
tx_0003640,2025-06-18 10:14:50,MSFT,304.93,786,sell,NASDAQ
tx_0009374,2025-06-18 10:14:56,FB,334.34,389,buy,NASDAQ
tx_0004100,2025-06-18 10:14:59,MSFT,301.54,199,sell,NASDAQ
tx_0001812,2025-06-18 10:14:59,MCD,,702,buy,NYSE
tx_0003391,2025-06-18 10:15:00,WMT,138.25,587,sell,NYSE
tx_0004885,2025-06-18 10:15:04,PG,137.8,659,sell,NYSE
tx_0009069,2025-06-18 10:15:04,TSLA,721.19,103,sell,NASDAQ
tx_0005771,2025-06-18 10:15:04,NFLX,494.02,555,buy,NASDAQ
tx_0001368,2025-06-18 10:15:06,KO,54.18,467,sell,NYSE
tx_0006627,2025-06-18 10:15:08,AMZN,3516.16,103,buy,NASDAQ
tx_0007219,2025-06-18 10:15:11,ADBE,625.48,683,sell,NASDAQ
tx_0003981,2025-06-18 10:15:12,WMT,138.26,698,buy,NYSE
tx_0004263,2025-06-18 10:15:13,ADBE,625.18,924,buy,NASDAQ
tx_0004410,2025-06-18 10:15:14,V,220.56,886,buy,NYSE
tx_0008628,2025-06-18 10:15:16,PG,136.22,131,sell,NYSE
tx_0004446,2025-06-18 10:15:25,PYPL,246.16,363,buy,NASDAQ
tx_0008115,2025-06-18 10:15:30,MA,346.92,677,sell,NYSE
tx_0008034,2025-06-18 10:15:32,TSLA,712.49,186,sell,NASDAQ
tx_0009349,2025-06-18 10:15:35,NVDA,200.01,327,buy,NASDAQ
tx_0004467,2025-06-18 10:15:35,MCD,252.41,257,buy,NYSE
tx_0005131,2025-06-18 10:15:38,NFLX,487.77,741,buy,NASDAQ
tx_0001937,2025-06-18 10:15:38,DIS,181.61,971,buy,NYSE
tx_0007660,2025-06-18 10:15:39,BRK.B,280.82,655,buy,NYSE
tx_0003985,2025-06-18 10:15:42,FB,332.92,110,sell,NASDAQ
tx_0002802,2025-06-18 10:15:45,PEP,146.71,995,buy,NYSE
tx_0006299,2025-06-18 10:15:47,KO,53.2,441,buy,NYSE
tx_0000967,2025-06-18 10:15:49,GOOGL,2689.57,475,sell,NASDAQ
tx_0009181,2025-06-18 10:15:49,MSFT,303.42,145,sell,NASDAQ
tx_0007883,2025-06-18 10:15:50,NFLX,492.37,823,buy,NASDAQ
tx_0006954,2025-06-18 10:15:51,ADBE,627.73,354,sell,NASDAQ
tx_0001598,2025-06-18 10:15:53,MCD,253.66,547,buy,NYSE
tx_0005484,2025-06-18 10:15:54,GOOGL,2721.22,458,buy,NASDAQ
tx_0002439,2025-06-18 10:15:54,JNJ,166.24,201,sell,NYSE
tx_0000961,2025-06-18 10:15:56,JNJ,168.06,393,buy,NYSE
tx_0000532,2025-06-18 10:16:00,PG,137.36,122,buy,NYSE
tx_0004381,2025-06-18 10:16:00,TSLA,707.75,612,buy,NASDAQ
tx_0009869,2025-06-18 10:16:07,AAPL,149.56,898,sell,NASDAQ
tx_0007642,2025-06-18 10:16:08,TSLA,720.58,823,buy,NASDAQ
tx_0006498,2025-06-18 10:16:10,ADBE,624.25,488,sell,NASDAQ
tx_0003992,2025-06-18 10:16:11,ADBE,623.43,590,sell,NASDAQ
tx_0009650,2025-06-18 10:16:12,ADBE,619.75,377,buy,NASDAQ
tx_0002108,2025-06-18 10:16:18,ADBE,629.4,541,sell,NASDAQ
tx_0003350,2025-06-18 10:16:19,AMZN,3560.04,716,sell,NASDAQ
tx_0004505,2025-06-18 10:16:19,JNJ,168.43,324,buy,NYSE
tx_0005840,2025-06-18 10:16:23,MCD,253.2,890,buy,NYSE
tx_0008718,2025-06-18 10:16:23,MCD,249.79,508,sell,NYSE
tx_0007626,2025-06-18 10:16:24,AAPL,147.79,491,buy,NASDAQ
tx_0008166,2025-06-18 10:16:26,MCD,249.08,321,sell,NYSE
tx_0007338,2025-06-18 10:16:27,MSFT,300.66,524,sell,NASDAQ
tx_0007336,2025-06-18 10:16:28,GOOGL,2701.38,230,sell,NASDAQ
tx_0000518,2025-06-18 10:16:28,MA,352.37,101,buy,NYSE
tx_0000394,2025-06-18 10:16:34,PEP,147.21,237,sell,NYSE
tx_0003691,2025-06-18 10:16:35,V,219.22,300,buy,NYSE
tx_0003774,2025-06-18 10:16:35,V,220.44,484,sell,NYSE
tx_0002102,2025-06-18 10:16:37,GOOGL,2665.87,737,sell,NASDAQ
tx_0008214,2025-06-18 10:16:43,BRK.B,285.79,217,buy,NYSE
tx_0006550,2025-06-18 10:16:46,TSLA,710.52,886,sell,NASDAQ
tx_0003987,2025-06-18 10:16:48,AMZN,3584.33,750,buy,NASDAQ
tx_0006217,2025-06-18 10:16:49,MA,347.07,424,sell,NYSE
tx_0009860,2025-06-18 10:16:52,WMT,138.81,190,buy,NYSE
tx_0009636,2025-06-18 10:16:56,V,222.9,114,sell,NYSE
tx_0005630,2025-06-18 10:16:56,JNJ,166.85,419,buy,NYSE
tx_0008210,2025-06-18 10:16:56,WMT,136.7,967,buy,NYSE
tx_0007453,2025-06-18 10:16:59,AMZN,3556.04,338,sell,NASDAQ
tx_0008546,2025-06-18 10:17:06,AMZN,3559.54,874,buy,NASDAQ
tx_0006633,2025-06-18 10:17:09,NFLX,492.66,266,sell,NASDAQ
tx_0006568,2025-06-18 10:17:09,NVDA,200.31,338,buy,NASDAQ
tx_0005448,2025-06-18 10:17:11,NFLX,495.41,728,sell,NASDAQ
tx_0004659,2025-06-18 10:17:11,NVDA,201.25,782,buy,NASDAQ
tx_0002681,2025-06-18 10:17:13,NFLX,495.28,422,sell,NASDAQ
tx_0003868,2025-06-18 10:17:13,PEP,149.26,200,buy,NYSE
tx_0003882,2025-06-18 10:17:14,FB,335.38,193,sell,NASDAQ
tx_0000550,2025-06-18 10:17:17,AAPL,146.86,686,sell,NASDAQ
tx_0007146,2025-06-18 10:17:20,FB,329.87,119,sell,NASDAQ
tx_0006078,2025-06-18 10:17:21,AMZN,3582.44,392,sell,NASDAQ
tx_0008314,2025-06-18 10:17:21,TSLA,712.68,234,buy,NASDAQ
tx_0007570,2025-06-18 10:17:22,AMZN,3561.9,790,sell,NASDAQ
tx_0009903,2025-06-18 10:17:30,NFLX,489.98,898,sell,NASDAQ
tx_0007386,2025-06-18 10:17:31,AAPL,148.04,374,sell,
tx_0008529,2025-06-18 10:17:31,NFLX,497.15,301,buy,NASDAQ
tx_0003941,2025-06-18 10:17:35,FB,331.24,185,buy,NASDAQ
tx_0004408,2025-06-18 10:17:39,PYPL,245.07,113,sell,NASDAQ
tx_0001905,2025-06-18 10:17:41,FB,330.08,943,sell,NASDAQ
tx_0005304,2025-06-18 10:17:43,WMT,138.49,217,buy,NYSE
tx_0005073,2025-06-18 10:17:43,JNJ,167.39,418,sell,NYSE
tx_0002267,2025-06-18 10:17:46,DIS,183.14,274,sell,NYSE
tx_0004879,2025-06-18 10:17:47,MSFT,301.31,986,sell,NASDAQ
tx_0003432,2025-06-18 10:17:49,NVDA,198.63,720,sell,NASDAQ
tx_0005673,2025-06-18 10:17:51,NFLX,,891,sell,NASDAQ
tx_0004022,2025-06-18 10:17:51,AMZN,3570.66,879,sell,NASDAQ
tx_0005510,2025-06-18 10:17:55,BRK.B,286.81,945,sell,NYSE
tx_0008131,2025-06-18 10:17:58,V,218.94,359,buy,NYSE
tx_0009693,2025-06-18 10:17:59,KO,54.2,365,sell,NYSE
tx_0003122,2025-06-18 10:18:00,V,221.65,577,sell,NYSE
tx_0009977,2025-06-18 10:18:00,BRK.B,285.55,188,sell,NYSE
tx_0003660,2025-06-18 10:18:01,V,219.28,647,buy,NYSE
tx_0003203,2025-06-18 10:18:07,GOOGL,2677.74,302,buy,NASDAQ
tx_0008975,2025-06-18 10:18:07,AAPL,149.73,669,sell,NASDAQ
tx_0005990,2025-06-18 10:18:08,BRK.B,285.63,481,buy,NYSE
tx_0006658,2025-06-18 10:18:11,WMT,136.41,502,buy,NYSE
tx_0009067,2025-06-18 10:18:13,PEP,147.73,299,buy,
tx_0005805,2025-06-18 10:18:16,JNJ,168.1,132,buy,NYSE
tx_0007861,2025-06-18 10:18:16,PYPL,245.86,564,sell,NASDAQ
tx_0002977,2025-06-18 10:18:17,FB,331.33,202,sell,NASDAQ
tx_0002408,2025-06-18 10:18:22,MA,351.64,923,sell,NYSE
tx_0000691,2025-06-18 10:18:26,TSLA,715.3,805,buy,NASDAQ
tx_0003111,2025-06-18 10:18:34,GOOGL,2712.66,711,sell,NASDAQ
tx_0006093,2025-06-18 10:18:37,V,222.04,933,buy,NYSE
tx_0000906,2025-06-18 10:18:41,WMT,137.9,635,buy,NYSE
tx_0003614,2025-06-18 10:18:46,BRK.B,283.81,805,buy,NYSE
tx_0000230,2025-06-18 10:18:47,PYPL,246.51,277,sell,NASDAQ
tx_0004824,2025-06-18 10:18:49,GOOGL,2660.99,167,buy,NASDAQ
tx_0006496,2025-06-18 10:18:50,MCD,252.76,341,sell,NYSE
tx_0004889,2025-06-18 10:18:51,PEP,147.08,908,sell,NYSE
tx_0008938,2025-06-18 10:18:51,JNJ,166.87,989,sell,
tx_0008831,2025-06-18 10:18:52,PEP,147.46,879,buy,NYSE
tx_0000993,2025-06-18 10:18:55,AMZN,3538.49,379,buy,NASDAQ
tx_0003314,2025-06-18 10:18:58,V,221.8,407,sell,NYSE
tx_0003843,2025-06-18 10:18:58,MSFT,305.37,564,buy,NASDAQ
tx_0006818,2025-06-18 10:18:59,ADBE,621.31,664,sell,NASDAQ
tx_0007680,2025-06-18 10:19:03,ADBE,622.09,758,sell,NASDAQ
tx_0008053,2025-06-18 10:19:06,JNJ,166.31,601,buy,NYSE
tx_0007811,2025-06-18 10:19:06,MA,347.85,901,buy,NYSE
tx_0006698,2025-06-18 10:19:07,BRK.B,283.08,627,buy,NYSE
tx_0008939,2025-06-18 10:19:08,FB,332.52,229,buy,NASDAQ
tx_0007965,2025-06-18 10:19:11,PEP,148.51,477,sell,NYSE
tx_0000374,2025-06-18 10:19:12,DIS,183.99,582,buy,NYSE
tx_0009027,2025-06-18 10:19:15,JNJ,165.63,914,buy,NYSE
tx_0002534,2025-06-18 10:19:18,TSLA,712.87,181,sell,NASDAQ
tx_0005097,2025-06-18 10:19:24,MCD,253.52,760,sell,NYSE
tx_0006647,2025-06-18 10:19:38,V,221.62,460,buy,NYSE
tx_0008618,2025-06-18 10:19:41,MSFT,305.27,278,sell,NASDAQ
tx_0001349,2025-06-18 10:19:42,PEP,149.82,776,sell,NYSE
tx_0002722,2025-06-18 10:19:42,V,221.83,303,sell,NYSE
tx_0002644,2025-06-18 10:19:44,DIS,182.99,175,buy,NYSE
tx_0007085,2025-06-18 10:19:47,WMT,138.56,331,sell,NYSE
tx_0006411,2025-06-18 10:19:49,MA,344.2,660,buy,NYSE
tx_0000059,2025-06-18 10:19:50,GOOGL,2709.41,302,buy,NASDAQ
tx_0007424,2025-06-18 10:19:51,PG,136.57,982,buy,NYSE
tx_0003970,2025-06-18 10:19:52,NVDA,200.34,139,buy,NASDAQ
tx_0003252,2025-06-18 10:19:53,PYPL,245.8,888,buy,NASDAQ
tx_0007149,2025-06-18 10:19:55,NVDA,200.13,455,sell,NASDAQ
tx_0001914,2025-06-18 10:19:58,AMZN,3536.43,149,sell,NASDAQ
tx_0004504,2025-06-18 10:19:59,PG,136.13,716,sell,NYSE
tx_0006772,2025-06-18 10:20:03,KO,54.37,490,buy,NYSE
tx_0007475,2025-06-18 10:20:04,AMZN,3540.78,175,sell,NASDAQ
tx_0003917,2025-06-18 10:20:04,GOOGL,2687.63,407,buy,NASDAQ
tx_0002134,2025-06-18 10:20:05,GOOGL,2666.73,650,sell,NASDAQ
tx_0000836,2025-06-18 10:20:05,MSFT,307.29,588,sell,NASDAQ
tx_0002399,2025-06-18 10:20:10,BRK.B,286.46,342,buy,NYSE
tx_0005806,2025-06-18 10:20:10,GOOGL,2693.75,442,sell,NASDAQ
tx_0009237,2025-06-18 10:20:12,DIS,181.93,833,sell,NYSE
tx_0007391,2025-06-18 10:20:12,PEP,148.61,271,buy,NYSE
tx_0009546,2025-06-18 10:20:14,ADBE,622.13,533,buy,NASDAQ
tx_0006752,2025-06-18 10:20:16,BRK.B,288.27,269,buy,NYSE
tx_0004080,2025-06-18 10:20:21,MSFT,304.93,837,buy,NASDAQ
tx_0005253,2025-06-18 10:20:23,WMT,137.66,322,buy,NYSE
tx_0007932,2025-06-18 10:20:23,MA,350.46,725,buy,NYSE
tx_0002246,2025-06-18 10:20:24,KO,53.93,438,sell,NYSE
tx_0005689,2025-06-18 10:20:26,MCD,249.85,922,sell,NYSE
tx_0005721,2025-06-18 10:20:27,GOOGL,2694.35,979,sell,NASDAQ
tx_0001594,2025-06-18 10:20:28,MA,346.3,345,sell,NYSE
tx_0009311,2025-06-18 10:20:31,KO,54.5,815,buy,NYSE
tx_0000982,2025-06-18 10:20:34,GOOGL,2696.65,844,sell,NASDAQ
tx_0000740,2025-06-18 10:20:35,GOOGL,2698.06,154,buy,NASDAQ
tx_0000882,2025-06-18 10:20:44,DIS,183.17,432,buy,NYSE
tx_0008355,2025-06-18 10:20:44,MCD,252.41,816,sell,NYSE
tx_0004248,2025-06-18 10:20:46,MCD,252.26,721,buy,NYSE
tx_0001389,2025-06-18 10:20:46,TSLA,710.5,743,buy,NASDAQ
tx_0003388,2025-06-18 10:20:52,FB,339.1,981,buy,NASDAQ
tx_0007245,2025-06-18 10:20:53,FB,337.95,681,sell,NASDAQ
tx_0000818,2025-06-18 10:20:55,AMZN,3570.1,980,buy,
tx_0008507,2025-06-18 10:20:57,JNJ,165.11,175,buy,NYSE
tx_0001839,2025-06-18 10:20:58,ADBE,615.73,585,sell,NASDAQ
tx_0007303,2025-06-18 10:20:58,KO,53.89,366,buy,NYSE
tx_0002950,2025-06-18 10:21:06,DIS,183.77,994,buy,NYSE
tx_0004628,2025-06-18 10:21:08,NFLX,491.52,553,sell,NASDAQ
tx_0004156,2025-06-18 10:21:10,AMZN,3554.14,697,buy,NASDAQ
tx_0004010,2025-06-18 10:21:12,PYPL,248.56,279,buy,NASDAQ
tx_0000737,2025-06-18 10:21:23,PYPL,246.92,598,buy,NASDAQ
tx_0002190,2025-06-18 10:21:26,BRK.B,286.71,986,sell,NYSE
tx_0002054,2025-06-18 10:21:34,TSLA,714.24,431,buy,NASDAQ
tx_0005968,2025-06-18 10:21:36,MCD,252.45,608,buy,NYSE
tx_0003371,2025-06-18 10:21:36,MCD,251.79,149,sell,NYSE
tx_0006774,2025-06-18 10:21:37,PG,138.04,314,buy,NYSE
tx_0003521,2025-06-18 10:21:37,AMZN,3591.89,322,sell,NASDAQ
tx_0008824,2025-06-18 10:21:38,WMT,136.57,686,sell,NYSE
tx_0004301,2025-06-18 10:21:38,KO,,649,buy,NYSE
tx_0003281,2025-06-18 10:21:39,V,218.35,750,buy,NYSE
tx_0002272,2025-06-18 10:21:40,V,218.96,115,sell,NYSE
tx_0001218,2025-06-18 10:21:41,PG,137.24,149,buy,NYSE
tx_0007636,2025-06-18 10:21:45,FB,332.6,874,sell,NASDAQ
tx_0000936,2025-06-18 10:21:47,MCD,252.18,521,buy,NYSE
tx_0000392,2025-06-18 10:21:49,ADBE,616.05,622,buy,NASDAQ
tx_0006425,2025-06-18 10:21:50,PG,136.23,557,sell,NYSE
tx_0008898,2025-06-18 10:21:52,PEP,150.1,910,sell,NYSE
tx_0000433,2025-06-18 10:21:53,DIS,184.76,670,sell,NYSE
tx_0001692,2025-06-18 10:21:58,MSFT,305.15,187,buy,NASDAQ
tx_0009863,2025-06-18 10:21:59,GOOGL,2675.8,814,sell,NASDAQ
tx_0009403,2025-06-18 10:22:02,GOOGL,2683.34,947,sell,NASDAQ
tx_0004454,2025-06-18 10:22:03,BRK.B,285.27,848,buy,NYSE
tx_0002696,2025-06-18 10:22:05,AMZN,3573.74,124,sell,NASDAQ
tx_0007055,2025-06-18 10:22:16,ADBE,618.31,425,sell,NASDAQ
tx_0003392,2025-06-18 10:22:20,FB,337.54,709,buy,NASDAQ
tx_0002339,2025-06-18 10:22:21,MCD,254.47,917,sell,NYSE
tx_0000599,2025-06-18 10:22:23,MCD,253.72,199,buy,NYSE
tx_0006689,2025-06-18 10:22:27,AMZN,3596.61,537,buy,NASDAQ
tx_0004994,2025-06-18 10:22:38,FB,338.33,519,sell,NASDAQ
tx_0009551,2025-06-18 10:22:45,DIS,184.61,880,sell,NYSE
tx_0002725,2025-06-18 10:22:46,AMZN,3540.56,648,sell,NASDAQ
tx_0004495,2025-06-18 10:22:46,JNJ,167.33,549,sell,NYSE
tx_0003590,2025-06-18 10:22:50,JNJ,168.18,144,,NYSE
tx_0001794,2025-06-18 10:22:52,AAPL,148.68,324,sell,NASDAQ
tx_0008819,2025-06-18 10:22:53,DIS,181.92,498,buy,NYSE
tx_0002772,2025-06-18 10:22:59,MSFT,303.93,886,buy,NASDAQ
tx_0006167,2025-06-18 10:22:59,NFLX,500.01,493,sell,NASDAQ
tx_0004307,2025-06-18 10:23:09,KO,54.72,952,sell,NYSE
tx_0005961,2025-06-18 10:23:21,NFLX,499.44,818,sell,NASDAQ
tx_0001325,2025-06-18 10:23:21,KO,54.83,143,buy,NYSE
tx_0004746,2025-06-18 10:23:24,ADBE,620.33,502,buy,NASDAQ
tx_0003956,2025-06-18 10:23:26,MSFT,307.35,747,sell,NASDAQ
tx_0009605,2025-06-18 10:23:26,WMT,138.09,423,sell,NYSE
tx_0001994,2025-06-18 10:23:26,MA,345.57,599,sell,NYSE
tx_0008225,2025-06-18 10:23:28,AAPL,147.75,662,,NASDAQ
tx_0000873,2025-06-18 10:23:32,NFLX,497.36,187,sell,NASDAQ
tx_0002913,2025-06-18 10:23:42,PEP,146.82,457,buy,NYSE
tx_0008632,2025-06-18 10:23:44,FB,333.43,553,sell,NASDAQ
tx_0009818,2025-06-18 10:23:44,WMT,139.2,117,sell,NYSE
tx_0000512,2025-06-18 10:23:45,KO,54.7,379,sell,NYSE
tx_0002888,2025-06-18 10:23:45,AMZN,3607.81,338,sell,NASDAQ
tx_0005431,2025-06-18 10:23:47,BRK.B,288.53,483,buy,NYSE
tx_0001552,2025-06-18 10:23:50,TSLA,723.8,121,buy,NASDAQ
tx_0004597,2025-06-18 10:23:53,AMZN,3580.24,883,sell,NASDAQ
tx_0006234,2025-06-18 10:23:53,PEP,148.13,655,buy,NYSE
tx_0000470,2025-06-18 10:23:56,V,221.14,702,sell,NYSE
tx_0002173,2025-06-18 10:23:57,NFLX,496.72,794,buy,NASDAQ
tx_0002642,2025-06-18 10:24:01,NFLX,495.38,101,buy,NASDAQ
tx_0009322,2025-06-18 10:24:03,TSLA,724.48,795,buy,NASDAQ
tx_0009380,2025-06-18 10:24:07,AMZN,3562.51,231,sell,NASDAQ
tx_0002904,2025-06-18 10:24:08,PG,138.56,262,buy,NYSE
tx_0008668,2025-06-18 10:24:08,PYPL,245.26,215,sell,NASDAQ
tx_0008619,2025-06-18 10:24:09,PEP,147.56,353,sell,NYSE
tx_0003113,2025-06-18 10:24:15,DIS,182.53,427,buy,NYSE
tx_0008686,2025-06-18 10:24:16,ADBE,622.27,675,sell,NASDAQ
tx_0005179,2025-06-18 10:24:18,TSLA,719.67,859,sell,NASDAQ
tx_0008569,2025-06-18 10:24:20,NVDA,202.21,987,buy,NASDAQ
tx_0008790,2025-06-18 10:24:27,TSLA,722.86,346,buy,NASDAQ
tx_0002797,2025-06-18 10:24:29,NFLX,495.15,906,sell,NASDAQ
tx_0008148,2025-06-18 10:24:29,MA,345.24,404,buy,NYSE
tx_0000462,2025-06-18 10:24:30,WMT,137.44,692,buy,NYSE
tx_0005595,2025-06-18 10:24:31,PG,137.56,267,sell,NYSE
tx_0008685,2025-06-18 10:24:33,MCD,252.91,914,sell,NYSE
tx_0003342,2025-06-18 10:24:33,NFLX,492.06,181,buy,NASDAQ
tx_0004596,2025-06-18 10:24:38,PYPL,244.09,692,buy,NASDAQ
tx_0006095,2025-06-18 10:24:39,MSFT,305.04,799,sell,NASDAQ
tx_0003715,2025-06-18 10:24:39,WMT,136.73,153,buy,NYSE
tx_0002649,2025-06-18 10:24:41,NFLX,500.74,157,sell,NASDAQ
tx_0007972,2025-06-18 10:24:41,ADBE,623.13,171,buy,NASDAQ
tx_0001648,2025-06-18 10:24:41,MA,348.33,810,buy,NYSE
tx_0003577,2025-06-18 10:24:43,MCD,250.88,701,sell,NYSE
tx_0007528,2025-06-18 10:24:51,PYPL,242.48,863,sell,NASDAQ
tx_0000580,2025-06-18 10:24:52,ADBE,619.26,133,buy,NASDAQ
tx_0009963,2025-06-18 10:24:53,PG,138.83,702,sell,NYSE
tx_0003379,2025-06-18 10:24:54,MA,349.98,646,buy,NYSE
tx_0001755,2025-06-18 10:24:59,GOOGL,2679.65,170,sell,NASDAQ
tx_0003039,2025-06-18 10:24:59,MSFT,308.62,287,sell,NASDAQ
tx_0003830,2025-06-18 10:25:02,MA,350.21,308,buy,NYSE
tx_0006126,2025-06-18 10:25:05,TSLA,721.43,414,buy,NASDAQ
tx_0001202,2025-06-18 10:25:05,ADBE,625.11,570,buy,NASDAQ
tx_0002541,2025-06-18 10:25:08,ADBE,615.1,213,sell,NASDAQ
tx_0002387,2025-06-18 10:25:12,NVDA,201.48,189,sell,
tx_0006163,2025-06-18 10:25:13,MA,347.1,793,sell,NYSE
tx_0007408,2025-06-18 10:25:13,GOOGL,2659.13,240,sell,NASDAQ
tx_0009969,2025-06-18 10:25:13,GOOGL,2686.39,703,sell,NASDAQ
tx_0006333,2025-06-18 10:25:15,TSLA,731.56,334,buy,NASDAQ
tx_0007200,2025-06-18 10:25:19,GOOGL,2682.83,722,sell,NASDAQ
tx_0008017,2025-06-18 10:25:22,TSLA,728.38,681,sell,NASDAQ
tx_0003686,2025-06-18 10:25:23,JNJ,166.34,839,sell,NYSE
tx_0006700,2025-06-18 10:25:24,WMT,138.22,673,sell,NYSE
tx_0000455,2025-06-18 10:25:26,NFLX,500.27,869,sell,NASDAQ
tx_0008329,2025-06-18 10:25:28,JNJ,168.05,304,sell,NYSE
tx_0006807,2025-06-18 10:25:31,TSLA,724.67,160,sell,NASDAQ
tx_0000625,2025-06-18 10:25:34,ADBE,622.4,841,buy,NASDAQ
tx_0005393,2025-06-18 10:25:38,MCD,248.99,560,buy,NYSE
tx_0006327,2025-06-18 10:25:40,DIS,182.68,254,sell,NYSE
tx_0000585,2025-06-18 10:25:53,WMT,138.23,695,sell,NYSE
tx_0006362,2025-06-18 10:25:54,MA,350.19,961,sell,NYSE
tx_0004126,2025-06-18 10:25:56,PG,137.7,111,buy,NYSE
tx_0000105,2025-06-18 10:25:56,GOOGL,2679.72,241,buy,NASDAQ
tx_0009785,2025-06-18 10:25:57,AAPL,147.05,643,sell,NASDAQ
tx_0005363,2025-06-18 10:25:57,AMZN,3563.35,321,buy,NASDAQ
tx_0008935,2025-06-18 10:25:59,MA,350.48,964,buy,NYSE
tx_0006644,2025-06-18 10:25:59,PYPL,242.96,635,sell,NASDAQ
tx_0001212,2025-06-18 10:26:05,MA,350.35,810,buy,NYSE
tx_0008526,2025-06-18 10:26:06,JNJ,168.74,756,buy,NYSE
tx_0003647,2025-06-18 10:26:08,ADBE,616.78,265,sell,NASDAQ
tx_0003854,2025-06-18 10:26:09,MA,,370,sell,NYSE
tx_0001517,2025-06-18 10:26:11,MCD,253.94,510,sell,NYSE
tx_0004861,2025-06-18 10:26:13,DIS,182.61,362,buy,NYSE
tx_0002505,2025-06-18 10:26:13,BRK.B,286.76,575,sell,NYSE
tx_0007942,2025-06-18 10:26:15,PEP,148.05,181,buy,NYSE
tx_0006270,2025-06-18 10:26:17,NVDA,201.96,699,sell,NASDAQ
tx_0001299,2025-06-18 10:26:17,GOOGL,2668.86,350,buy,NASDAQ
tx_0004653,2025-06-18 10:26:18,PEP,150.07,864,sell,NYSE
tx_0008204,2025-06-18 10:26:19,V,222.41,774,sell,NYSE
tx_0004174,2025-06-18 10:26:23,PYPL,244.64,538,sell,NASDAQ
tx_0004186,2025-06-18 10:26:25,AAPL,147.99,359,buy,NASDAQ
tx_0007349,2025-06-18 10:26:37,JNJ,170.04,208,buy,NYSE
tx_0001022,2025-06-18 10:26:38,WMT,136.18,330,buy,NYSE
tx_0004247,2025-06-18 10:26:40,ADBE,618.18,938,buy,NASDAQ
tx_0003115,2025-06-18 10:26:40,PEP,149.12,505,buy,NYSE
tx_0000589,2025-06-18 10:26:41,MCD,250.69,662,buy,NYSE
tx_0007410,2025-06-18 10:26:45,ADBE,611.52,591,buy,NASDAQ
tx_0001730,2025-06-18 10:26:45,MCD,252.71,992,sell,NYSE
tx_0008244,2025-06-18 10:26:45,V,223.08,384,buy,NYSE
tx_0006487,2025-06-18 10:26:48,PEP,150.03,300,buy,NYSE
tx_0001094,2025-06-18 10:26:51,AAPL,148.17,375,sell,NASDAQ
tx_0001406,2025-06-18 10:26:51,GOOGL,2686.65,903,buy,NASDAQ
tx_0006802,2025-06-18 10:26:52,JNJ,168.73,881,buy,NYSE
tx_0001592,2025-06-18 10:27:04,MA,351.57,966,buy,NYSE
tx_0008150,2025-06-18 10:27:06,V,222.77,258,buy,NYSE
tx_0003559,2025-06-18 10:27:07,KO,54.96,539,sell,NYSE
tx_0007240,2025-06-18 10:27:07,NFLX,491.36,632,sell,NASDAQ
tx_0007652,2025-06-18 10:27:10,KO,54.31,465,buy,NYSE
tx_0003840,2025-06-18 10:27:11,PG,140.02,233,sell,NYSE
tx_0000184,2025-06-18 10:27:14,BRK.B,287.08,900,sell,NYSE
tx_0004935,2025-06-18 10:27:14,WMT,137.42,285,sell,NYSE
tx_0009370,2025-06-18 10:27:16,AAPL,146.73,408,sell,NASDAQ
tx_0004735,2025-06-18 10:27:20,WMT,138.5,254,buy,NYSE
tx_0007975,2025-06-18 10:27:33,WMT,137.71,522,sell,NYSE
tx_0009192,2025-06-18 10:27:35,JNJ,168.7,653,sell,NYSE
tx_0000934,2025-06-18 10:27:43,BRK.B,284.82,637,sell,NYSE
tx_0008025,2025-06-18 10:27:43,TSLA,726.56,743,buy,NASDAQ
tx_0002315,2025-06-18 10:27:45,AAPL,148.02,875,buy,NASDAQ
tx_0006989,2025-06-18 10:27:46,NFLX,495.02,180,buy,NASDAQ
tx_0009704,2025-06-18 10:27:52,AMZN,3563.32,376,sell,NASDAQ
tx_0007564,2025-06-18 10:27:56,V,221.93,528,sell,NYSE
tx_0006314,2025-06-18 10:28:02,NFLX,491.58,337,sell,NASDAQ
tx_0008056,2025-06-18 10:28:04,MCD,254.39,409,sell,NYSE
tx_0001591,2025-06-18 10:28:04,PEP,148.3,974,sell,
tx_0002038,2025-06-18 10:28:05,BRK.B,284.04,380,sell,NYSE
tx_0005047,2025-06-18 10:28:13,ADBE,617.16,933,sell,NASDAQ
tx_0004910,2025-06-18 10:28:14,MA,345.67,874,sell,NYSE
tx_0004006,2025-06-18 10:28:22,MA,351.86,836,sell,NYSE
tx_0007310,2025-06-18 10:28:24,WMT,136.52,176,buy,NYSE
tx_0007616,2025-06-18 10:28:25,FB,333.93,833,sell,NASDAQ
tx_0006319,2025-06-18 10:28:25,PEP,148.62,420,buy,NYSE
tx_0006441,2025-06-18 10:28:25,V,223.67,758,sell,NYSE
tx_0008553,2025-06-18 10:28:27,AAPL,147.26,703,buy,NASDAQ
tx_0004079,2025-06-18 10:28:28,V,223.35,165,sell,NYSE
tx_0007076,2025-06-18 10:28:29,NVDA,201.43,836,buy,NASDAQ
tx_0008944,2025-06-18 10:28:30,FB,334.19,974,buy,NASDAQ
tx_0005499,2025-06-18 10:28:31,MCD,252.01,326,sell,NYSE
tx_0003074,2025-06-18 10:28:41,BRK.B,284.56,453,sell,NYSE
tx_0002297,2025-06-18 10:28:42,V,222.3,497,sell,NYSE
tx_0002325,2025-06-18 10:28:44,DIS,185.8,367,sell,NYSE
tx_0009793,2025-06-18 10:28:44,TSLA,727.45,174,buy,NASDAQ
tx_0007152,2025-06-18 10:28:46,JNJ,167.2,614,sell,NYSE
tx_0003502,2025-06-18 10:28:47,GOOGL,2703.49,484,sell,NASDAQ
tx_0007017,2025-06-18 10:28:48,PG,139.72,587,buy,NYSE
tx_0001188,2025-06-18 10:28:50,MSFT,306.66,320,buy,NASDAQ
tx_0008655,2025-06-18 10:28:52,NFLX,492.51,939,buy,NASDAQ
tx_0008918,2025-06-18 10:28:55,PEP,150.25,347,buy,NYSE
tx_0006489,2025-06-18 10:28:57,MCD,252.36,706,sell,NYSE
tx_0005519,2025-06-18 10:28:57,GOOGL,2688.67,871,sell,NASDAQ
tx_0009543,2025-06-18 10:29:04,PEP,149.52,266,sell,NYSE
tx_0008339,2025-06-18 10:29:06,NFLX,499.14,201,sell,NASDAQ
tx_0003580,2025-06-18 10:29:07,TSLA,722.53,804,sell,NASDAQ
tx_0007326,2025-06-18 10:29:16,DIS,185.13,169,sell,NYSE
tx_0001965,2025-06-18 10:29:16,AAPL,146.55,731,buy,NASDAQ
tx_0000011,2025-06-18 10:29:16,PYPL,242.08,306,buy,NASDAQ
tx_0006437,2025-06-18 10:29:17,PG,139.67,439,sell,NYSE
tx_0006263,2025-06-18 10:29:19,PEP,150.49,626,buy,NYSE
tx_0001141,2025-06-18 10:29:20,GOOGL,2685.32,130,sell,NASDAQ
tx_0004747,2025-06-18 10:29:20,MA,346.07,182,sell,NYSE
tx_0000199,2025-06-18 10:29:24,PG,138.67,516,sell,NYSE
tx_0003927,2025-06-18 10:29:25,AAPL,148.57,122,buy,NASDAQ
tx_0006261,2025-06-18 10:29:26,MSFT,306.92,711,buy,NASDAQ
tx_0009246,2025-06-18 10:29:28,KO,54.88,326,buy,NYSE
tx_0002736,2025-06-18 10:29:30,FB,337.52,192,sell,NASDAQ
tx_0000699,2025-06-18 10:29:37,KO,54.46,576,sell,NYSE
tx_0004345,2025-06-18 10:29:37,DIS,183.76,797,buy,NYSE
tx_0002948,2025-06-18 10:29:43,MCD,254.67,715,sell,NYSE
tx_0002141,2025-06-18 10:29:45,ADBE,614.97,566,sell,NASDAQ
tx_0003891,2025-06-18 10:29:45,PG,141.53,847,sell,NYSE
tx_0006121,2025-06-18 10:29:45,NFLX,494.4,928,buy,NASDAQ
tx_0002131,2025-06-18 10:29:47,PEP,149.58,534,buy,NYSE
tx_0001465,2025-06-18 10:29:47,FB,337.29,772,sell,NASDAQ
tx_0008920,2025-06-18 10:29:50,FB,337.46,518,buy,NASDAQ
tx_0002002,2025-06-18 10:29:52,KO,54.0,803,buy,NYSE
tx_0007251,2025-06-18 10:29:54,PEP,150.06,656,buy,NYSE
tx_0004569,2025-06-18 10:29:54,NVDA,202.15,682,sell,NASDAQ
tx_0005469,2025-06-18 10:29:55,GOOGL,2715.72,977,buy,NASDAQ
tx_0004061,2025-06-18 10:29:56,PEP,151.01,992,buy,NYSE
tx_0003563,2025-06-18 10:29:59,MCD,256.06,482,sell,NYSE
tx_0001114,2025-06-18 10:29:59,MCD,255.89,400,sell,NYSE
tx_0006691,2025-06-18 10:30:00,ADBE,616.21,429,buy,NASDAQ
tx_0008567,2025-06-18 10:30:01,TSLA,729.67,483,sell,NASDAQ
tx_0005581,2025-06-18 10:30:02,GOOGL,2707.39,946,buy,NASDAQ
tx_0002358,2025-06-18 10:30:06,PYPL,240.76,418,buy,NASDAQ
tx_0009010,2025-06-18 10:30:07,PEP,150.6,590,buy,NYSE
tx_0007923,2025-06-18 10:30:10,DIS,185.45,456,buy,NYSE
tx_0001702,2025-06-18 10:30:11,NVDA,201.65,437,buy,NASDAQ
tx_0000689,2025-06-18 10:30:12,PG,139.79,512,buy,NYSE
tx_0003239,2025-06-18 10:30:14,MSFT,302.93,244,sell,NASDAQ
tx_0001943,2025-06-18 10:30:15,GOOGL,2726.98,911,buy,NASDAQ
tx_0008366,2025-06-18 10:30:15,MSFT,306.62,682,sell,NASDAQ
tx_0005206,2025-06-18 10:30:17,WMT,136.81,191,buy,NYSE
tx_0007545,2025-06-18 10:30:19,DIS,183.7,431,buy,NYSE
tx_0004643,2025-06-18 10:30:20,PEP,150.78,905,buy,NYSE
tx_0008575,2025-06-18 10:30:20,FB,337.97,195,buy,NASDAQ
tx_0004038,2025-06-18 10:30:22,JNJ,168.06,759,sell,
tx_0002434,2025-06-18 10:30:22,AMZN,3581.67,966,sell,NASDAQ
tx_0006094,2025-06-18 10:30:29,FB,335.65,870,buy,NASDAQ
tx_0001126,2025-06-18 10:30:34,DIS,184.78,577,sell,NYSE
tx_0004074,2025-06-18 10:30:36,PG,139.57,184,buy,NYSE
tx_0009310,2025-06-18 10:30:37,PEP,149.61,463,sell,NYSE
tx_0000361,2025-06-18 10:30:38,PG,140.14,982,buy,NYSE
tx_0001808,2025-06-18 10:30:43,PG,141.46,369,sell,NYSE
tx_0006956,2025-06-18 10:30:45,MCD,253.42,743,buy,NYSE
tx_0007634,2025-06-18 10:30:51,NVDA,202.74,691,sell,NASDAQ
tx_0006050,2025-06-18 10:30:53,GOOGL,2685.77,311,sell,NASDAQ
tx_0003024,2025-06-18 10:30:57,PYPL,242.01,206,sell,NASDAQ
tx_0008117,2025-06-18 10:30:59,PYPL,241.64,531,buy,NASDAQ
tx_0007856,2025-06-18 10:31:01,NVDA,202.14,658,sell,NASDAQ
tx_0009087,2025-06-18 10:31:04,MA,344.76,763,buy,NYSE
tx_0005440,2025-06-18 10:31:06,AMZN,3579.65,930,buy,NASDAQ
tx_0007411,2025-06-18 10:31:06,ADBE,617.43,401,sell,NASDAQ
tx_0001069,2025-06-18 10:31:07,AMZN,3595.83,604,sell,NASDAQ
tx_0002543,2025-06-18 10:31:10,NVDA,201.88,638,sell,NASDAQ
tx_0008193,2025-06-18 10:31:15,V,219.92,372,sell,NYSE
tx_0005034,2025-06-18 10:31:16,WMT,136.04,530,sell,NYSE
tx_0002290,2025-06-18 10:31:18,PEP,150.01,245,sell,NYSE
tx_0004498,2025-06-18 10:31:18,JNJ,166.23,964,buy,NYSE
tx_0002099,2025-06-18 10:31:20,WMT,138.55,969,buy,NYSE
tx_0004789,2025-06-18 10:31:25,WMT,136.85,995,buy,NYSE
tx_0001537,2025-06-18 10:31:25,PEP,150.75,837,buy,NYSE
tx_0002357,2025-06-18 10:31:32,PYPL,241.49,259,sell,NASDAQ
tx_0005916,2025-06-18 10:31:34,AAPL,149.89,318,sell,NASDAQ
tx_0006282,2025-06-18 10:31:36,MA,347.74,242,buy,NYSE
tx_0008985,2025-06-18 10:31:36,PEP,152.03,222,buy,NYSE
tx_0000367,2025-06-18 10:31:41,AAPL,150.21,944,buy,NASDAQ
tx_0006433,2025-06-18 10:31:41,PYPL,240.5,636,sell,NASDAQ
tx_0006416,2025-06-18 10:31:45,MA,346.43,548,buy,NYSE
tx_0009784,2025-06-18 10:31:45,GOOGL,2728.22,904,buy,NASDAQ
tx_0007007,2025-06-18 10:31:46,AAPL,149.43,859,sell,NASDAQ
tx_0007950,2025-06-18 10:31:46,FB,335.73,406,sell,NASDAQ
tx_0002570,2025-06-18 10:31:47,TSLA,732.84,473,sell,NASDAQ
tx_0007632,2025-06-18 10:31:48,WMT,137.12,851,buy,NYSE
tx_0004893,2025-06-18 10:31:51,GOOGL,2691.27,349,sell,NASDAQ
tx_0003219,2025-06-18 10:31:56,DIS,185.19,716,sell,NYSE
tx_0001172,2025-06-18 10:32:04,FB,334.36,304,sell,NASDAQ
tx_0003512,2025-06-18 10:32:04,V,218.43,395,buy,NYSE
tx_0004783,2025-06-18 10:32:07,NVDA,200.7,859,sell,NASDAQ
tx_0006435,2025-06-18 10:32:09,V,218.49,989,sell,NYSE
tx_0007484,2025-06-18 10:32:10,GOOGL,2707.56,494,sell,NASDAQ
tx_0004229,2025-06-18 10:32:11,GOOGL,2737.32,109,sell,NASDAQ
tx_0002026,2025-06-18 10:32:15,WMT,138.22,324,buy,NYSE
tx_0002902,2025-06-18 10:32:22,BRK.B,281.37,921,buy,NYSE
tx_0009469,2025-06-18 10:32:23,PEP,150.11,371,sell,NYSE
tx_0007464,2025-06-18 10:32:29,MSFT,309.03,284,sell,NASDAQ
tx_0007876,2025-06-18 10:32:30,DIS,185.03,890,sell,NYSE
tx_0008086,2025-06-18 10:32:31,JNJ,167.05,741,sell,
tx_0004792,2025-06-18 10:32:33,NFLX,498.1,243,buy,NASDAQ
tx_0000666,2025-06-18 10:32:39,V,221.94,671,buy,NYSE
tx_0004053,2025-06-18 10:32:45,JNJ,165.49,209,sell,NYSE
tx_0006465,2025-06-18 10:32:46,GOOGL,2746.31,158,buy,NASDAQ
tx_0005718,2025-06-18 10:32:46,MSFT,307.34,769,sell,NASDAQ
tx_0007294,2025-06-18 10:32:48,FB,336.48,712,sell,NASDAQ
tx_0001766,2025-06-18 10:32:50,ADBE,616.99,821,sell,NASDAQ
tx_0002818,2025-06-18 10:32:51,MSFT,304.27,467,sell,NASDAQ
tx_0002107,2025-06-18 10:32:54,AAPL,149.25,402,sell,NASDAQ
tx_0002833,2025-06-18 10:32:55,MSFT,305.6,755,buy,NASDAQ
tx_0006399,2025-06-18 10:32:56,V,223.06,438,buy,NYSE
tx_0000756,2025-06-18 10:32:57,PG,141.49,561,sell,NYSE
tx_0008996,2025-06-18 10:32:59,FB,338.05,849,buy,NASDAQ
tx_0006759,2025-06-18 10:32:59,FB,337.44,448,buy,NASDAQ
tx_0004090,2025-06-18 10:33:01,AMZN,3558.79,117,sell,NASDAQ
tx_0005711,2025-06-18 10:33:01,AAPL,150.16,654,buy,NASDAQ
tx_0000444,2025-06-18 10:33:04,NVDA,199.0,781,buy,NASDAQ
tx_0001345,2025-06-18 10:33:09,FB,336.02,784,buy,NASDAQ
tx_0005682,2025-06-18 10:33:09,NVDA,198.98,472,sell,NASDAQ
tx_0001514,2025-06-18 10:33:09,PEP,151.51,256,buy,NYSE
tx_0003485,2025-06-18 10:33:09,BRK.B,283.86,493,sell,NYSE
tx_0008559,2025-06-18 10:33:13,NFLX,492.69,807,buy,NASDAQ
tx_0007441,2025-06-18 10:33:13,JNJ,164.55,809,sell,NYSE
tx_0006861,2025-06-18 10:33:20,GOOGL,2730.32,183,sell,NASDAQ
tx_0003133,2025-06-18 10:33:21,PYPL,241.43,198,buy,NASDAQ
tx_0009062,2025-06-18 10:33:24,FB,335.71,235,buy,NASDAQ
tx_0000739,2025-06-18 10:33:25,MCD,254.81,832,buy,NYSE
tx_0001232,2025-06-18 10:33:25,PEP,151.48,896,sell,
tx_0001415,2025-06-18 10:33:32,GOOGL,2710.35,553,sell,NASDAQ
tx_0002592,2025-06-18 10:33:32,AAPL,149.98,651,sell,NASDAQ
tx_0001968,2025-06-18 10:33:36,MA,348.06,570,sell,NYSE
tx_0009055,2025-06-18 10:33:36,TSLA,727.08,979,sell,NASDAQ
tx_0003913,2025-06-18 10:33:37,GOOGL,2733.61,323,,NASDAQ
tx_0000596,2025-06-18 10:33:40,AMZN,3605.88,326,buy,NASDAQ
tx_0009920,2025-06-18 10:33:40,MSFT,,268,buy,NASDAQ
tx_0006222,2025-06-18 10:33:43,V,219.82,684,buy,NYSE
tx_0000795,2025-06-18 10:33:45,KO,54.22,627,sell,NYSE
tx_0006932,2025-06-18 10:33:48,KO,54.72,548,buy,NYSE
tx_0005280,2025-06-18 10:33:49,PEP,152.51,894,buy,NYSE
tx_0000493,2025-06-18 10:33:52,JNJ,167.09,180,buy,NYSE
tx_0007906,2025-06-18 10:33:54,KO,54.43,454,sell,NYSE
tx_0000994,2025-06-18 10:33:56,NFLX,496.67,803,buy,NASDAQ
tx_0003311,2025-06-18 10:34:01,BRK.B,286.77,282,sell,NYSE
tx_0007163,2025-06-18 10:34:04,PEP,152.13,101,sell,NYSE
tx_0005648,2025-06-18 10:34:04,JNJ,165.05,258,sell,NYSE
tx_0008697,2025-06-18 10:34:05,MSFT,305.61,828,sell,NASDAQ
tx_0002133,2025-06-18 10:34:17,GOOGL,2718.51,862,buy,NASDAQ
tx_0004830,2025-06-18 10:34:17,ADBE,629.5,931,sell,NASDAQ
tx_0005622,2025-06-18 10:34:19,FB,335.59,886,buy,NASDAQ
tx_0007242,2025-06-18 10:34:23,WMT,136.4,786,sell,NYSE
tx_0007487,2025-06-18 10:34:29,JNJ,167.12,777,buy,NYSE
tx_0009872,2025-06-18 10:34:31,NVDA,200.89,370,buy,NASDAQ
tx_0003756,2025-06-18 10:34:32,NFLX,504.09,271,buy,NASDAQ
tx_0007973,2025-06-18 10:34:34,MCD,257.07,759,sell,NYSE
tx_0005250,2025-06-18 10:34:44,MCD,255.98,800,buy,NYSE
tx_0005283,2025-06-18 10:34:44,PG,139.33,797,buy,NYSE
tx_0003025,2025-06-18 10:34:46,NVDA,201.74,684,sell,NASDAQ
tx_0009663,2025-06-18 10:34:47,PEP,153.2,497,buy,NYSE
tx_0005226,2025-06-18 10:34:48,DIS,184.93,266,buy,NYSE
tx_0003698,2025-06-18 10:34:50,JNJ,167.27,501,sell,NYSE
tx_0003182,2025-06-18 10:35:00,GOOGL,2742.19,868,buy,NASDAQ
tx_0004967,2025-06-18 10:35:01,FB,335.86,823,sell,NASDAQ
tx_0009848,2025-06-18 10:35:02,KO,53.99,445,buy,NYSE
tx_0007282,2025-06-18 10:35:07,AMZN,3573.34,710,sell,NASDAQ
tx_0007810,2025-06-18 10:35:08,NVDA,199.49,318,sell,NASDAQ
tx_0002834,2025-06-18 10:35:12,DIS,183.18,770,buy,NYSE
tx_0006876,2025-06-18 10:35:16,TSLA,728.07,846,buy,NASDAQ
tx_0002686,2025-06-18 10:35:16,AAPL,149.02,966,sell,NASDAQ
tx_0002823,2025-06-18 10:35:19,AMZN,3574.96,973,buy,NASDAQ
tx_0007008,2025-06-18 10:35:22,V,220.93,402,buy,NYSE
tx_0008897,2025-06-18 10:35:24,NFLX,499.41,718,sell,NASDAQ
tx_0000736,2025-06-18 10:35:27,NVDA,201.56,423,sell,NASDAQ
tx_0008344,2025-06-18 10:35:29,PYPL,240.63,555,buy,NASDAQ
tx_0006419,2025-06-18 10:35:29,NVDA,202.02,812,sell,NASDAQ
tx_0008084,2025-06-18 10:35:32,NFLX,498.51,916,sell,NASDAQ
tx_0003797,2025-06-18 10:35:32,BRK.B,283.66,560,sell,NYSE
tx_0001005,2025-06-18 10:35:32,ADBE,623.06,447,buy,NASDAQ
tx_0008251,2025-06-18 10:35:32,MCD,255.97,972,sell,NYSE
tx_0000127,2025-06-18 10:35:33,NVDA,200.6,160,buy,NASDAQ
tx_0001311,2025-06-18 10:35:35,ADBE,619.65,387,buy,NASDAQ
tx_0004589,2025-06-18 10:35:35,DIS,182.92,527,sell,NYSE
tx_0007994,2025-06-18 10:35:36,PEP,152.76,779,sell,NYSE
tx_0006007,2025-06-18 10:35:38,JNJ,,186,sell,NYSE
tx_0008360,2025-06-18 10:35:38,ADBE,614.49,481,sell,NASDAQ
tx_0003021,2025-06-18 10:35:45,BRK.B,283.46,230,sell,NYSE
tx_0001705,2025-06-18 10:35:46,PEP,153.1,896,buy,NYSE
tx_0009917,2025-06-18 10:35:46,JNJ,165.79,500,buy,NYSE
tx_0008513,2025-06-18 10:35:52,AAPL,151.88,989,,NASDAQ
tx_0006832,2025-06-18 10:36:00,FB,335.95,399,buy,NASDAQ
tx_0002565,2025-06-18 10:36:01,MSFT,308.73,199,buy,NASDAQ
tx_0000071,2025-06-18 10:36:03,NFLX,503.37,237,buy,NASDAQ
tx_0009389,2025-06-18 10:36:06,WMT,138.2,460,buy,NYSE
tx_0007715,2025-06-18 10:36:14,PG,142.01,325,sell,NYSE
tx_0005810,2025-06-18 10:36:14,TSLA,724.38,670,buy,NASDAQ
tx_0000964,2025-06-18 10:36:15,PG,142.18,779,sell,NYSE
tx_0005668,2025-06-18 10:36:15,V,219.64,585,sell,NYSE
tx_0006490,2025-06-18 10:36:16,KO,54.52,886,sell,NYSE
tx_0006457,2025-06-18 10:36:24,JNJ,167.31,287,sell,NYSE
tx_0003280,2025-06-18 10:36:25,PYPL,243.19,494,buy,NASDAQ
tx_0001620,2025-06-18 10:36:25,GOOGL,2701.14,375,buy,NASDAQ
tx_0005902,2025-06-18 10:36:25,AMZN,3605.18,694,buy,NASDAQ
tx_0008238,2025-06-18 10:36:26,AAPL,151.39,827,buy,NASDAQ
tx_0000078,2025-06-18 10:36:29,BRK.B,285.22,923,sell,NYSE
tx_0009185,2025-06-18 10:36:29,WMT,137.54,637,sell,NYSE
tx_0002117,2025-06-18 10:36:30,NFLX,502.93,436,sell,NASDAQ
tx_0002273,2025-06-18 10:36:35,GOOGL,2721.52,683,sell,NASDAQ
tx_0001939,2025-06-18 10:36:36,BRK.B,283.41,404,sell,NYSE
tx_0008617,2025-06-18 10:36:40,NVDA,201.1,936,buy,NASDAQ
tx_0003081,2025-06-18 10:36:44,KO,53.85,477,buy,NYSE
tx_0005921,2025-06-18 10:36:45,ADBE,627.98,360,buy,NASDAQ
tx_0002252,2025-06-18 10:36:46,MCD,257.78,846,sell,NYSE
tx_0004636,2025-06-18 10:36:50,JNJ,165.84,756,sell,NYSE
tx_0009144,2025-06-18 10:36:52,MA,353.43,800,buy,NYSE
tx_0002239,2025-06-18 10:36:52,V,221.18,416,sell,NYSE
tx_0003118,2025-06-18 10:36:53,GOOGL,2731.72,810,sell,NASDAQ
tx_0008850,2025-06-18 10:36:53,MCD,257.1,333,buy,NYSE
tx_0003850,2025-06-18 10:36:53,BRK.B,284.62,544,sell,NYSE
tx_0000524,2025-06-18 10:36:55,NFLX,491.72,288,buy,NASDAQ
tx_0004530,2025-06-18 10:37:01,FB,335.89,171,sell,NASDAQ
tx_0000026,2025-06-18 10:37:01,JNJ,168.39,861,sell,NYSE
tx_0008611,2025-06-18 10:37:02,MCD,257.65,405,buy,NYSE
tx_0008714,2025-06-18 10:37:09,BRK.B,285.35,501,buy,NYSE
tx_0001011,2025-06-18 10:37:11,FB,336.54,512,buy,NASDAQ
tx_0008308,2025-06-18 10:37:15,ADBE,616.45,640,buy,NASDAQ
tx_0003418,2025-06-18 10:37:18,PG,140.99,249,sell,NYSE
tx_0003223,2025-06-18 10:37:24,KO,54.3,134,sell,NYSE
tx_0007445,2025-06-18 10:37:26,PEP,152.27,540,buy,NYSE
tx_0007738,2025-06-18 10:37:27,MA,351.92,676,buy,NYSE
tx_0000383,2025-06-18 10:37:30,DIS,180.77,512,sell,NYSE
tx_0008664,2025-06-18 10:37:32,ADBE,,571,buy,NASDAQ
tx_0009947,2025-06-18 10:37:33,PEP,152.12,580,buy,NYSE
tx_0004439,2025-06-18 10:37:34,GOOGL,2720.27,269,sell,NASDAQ
tx_0004060,2025-06-18 10:37:35,ADBE,621.42,731,buy,NASDAQ
tx_0001679,2025-06-18 10:37:38,KO,54.79,834,buy,NYSE
tx_0003659,2025-06-18 10:37:43,V,220.05,599,buy,NYSE
tx_0008561,2025-06-18 10:37:44,PG,141.26,402,buy,NYSE
tx_0001711,2025-06-18 10:37:45,TSLA,726.53,316,buy,NASDAQ
tx_0004899,2025-06-18 10:37:49,DIS,183.7,561,buy,NYSE
tx_0002517,2025-06-18 10:37:51,FB,332.15,126,sell,NASDAQ
tx_0001055,2025-06-18 10:37:52,JNJ,167.69,422,buy,NYSE
tx_0008902,2025-06-18 10:37:52,PYPL,241.67,550,sell,NASDAQ
tx_0009395,2025-06-18 10:37:52,NFLX,497.43,200,sell,NASDAQ
tx_0004914,2025-06-18 10:37:54,MSFT,308.4,607,sell,NASDAQ
tx_0008856,2025-06-18 10:37:55,MA,352.12,911,sell,NYSE
tx_0009227,2025-06-18 10:38:03,NVDA,202.44,395,buy,NASDAQ
tx_0002793,2025-06-18 10:38:03,WMT,139.18,787,,NYSE
tx_0004973,2025-06-18 10:38:03,KO,53.93,239,buy,NYSE
tx_0005409,2025-06-18 10:38:09,AAPL,149.5,773,buy,NASDAQ
tx_0003099,2025-06-18 10:38:13,AMZN,3578.64,754,sell,NASDAQ
tx_0004354,2025-06-18 10:38:13,MA,354.79,540,sell,NYSE
tx_0000817,2025-06-18 10:38:22,AAPL,151.95,803,buy,NASDAQ
tx_0000811,2025-06-18 10:38:23,PYPL,241.91,627,buy,
