transaction_id,timestamp,stock_symbol,price,quantity,order_type,exchange
tx_0008612,2025-06-11 09:30:01,MA,349.3,932,buy,NYSE
tx_0009800,2025-06-11 09:30:01,WMT,139.31,212,sell,
tx_0001077,2025-06-11 09:30:05,AAPL,150.28,861,buy,NASDAQ
tx_0005092,2025-06-11 09:30:06,JNJ,169.35,463,sell,NYSE
tx_0000479,2025-06-11 09:30:06,FB,327.06,366,sell,NASDAQ
tx_0004837,2025-06-11 09:30:11,AAPL,148.61,149,buy,NASDAQ
tx_0008727,2025-06-11 09:30:14,FB,326.94,334,sell,NASDAQ
tx_0006716,2025-06-11 09:30:17,AMZN,3500.82,749,sell,NASDAQ
tx_0003297,2025-06-11 09:30:20,WMT,140.54,705,sell,NYSE
tx_0008270,2025-06-11 09:30:20,MCD,249.26,667,sell,NYSE
tx_0008971,2025-06-11 09:30:21,KO,55.17,882,sell,NYSE
tx_0004205,2025-06-11 09:30:22,AAPL,149.46,863,buy,NASDAQ
tx_0002533,2025-06-11 09:30:24,PEP,150.06,686,sell,NYSE
tx_0000480,2025-06-11 09:30:27,MA,351.93,195,sell,NYSE
tx_0002420,2025-06-11 09:30:33,AMZN,3540.44,856,sell,NASDAQ
tx_0004181,2025-06-11 09:30:36,PEP,149.18,778,buy,NYSE
tx_0003556,2025-06-11 09:30:37,MA,346.47,404,buy,NYSE
tx_0004077,2025-06-11 09:30:38,AMZN,3545.62,888,sell,NASDAQ
tx_0009893,2025-06-11 09:30:40,V,219.09,817,buy,NYSE
tx_0001044,2025-06-11 09:30:42,WMT,139.67,971,buy,NYSE
tx_0007819,2025-06-11 09:30:43,NFLX,505.2,357,buy,NASDAQ
tx_0007804,2025-06-11 09:30:44,AMZN,3513.71,941,sell,NASDAQ
tx_0005422,2025-06-11 09:30:46,KO,55.01,599,buy,NYSE
tx_0005302,2025-06-11 09:30:47,AMZN,3535.68,600,sell,NASDAQ
tx_0009367,2025-06-11 09:30:49,PEP,151.18,709,sell,NYSE
tx_0006060,2025-06-11 09:30:52,MSFT,299.99,215,sell,NASDAQ
tx_0006561,2025-06-11 09:30:54,PEP,151.4,905,sell,NYSE
tx_0005046,2025-06-11 09:30:58,PYPL,250.14,227,buy,NASDAQ
tx_0005491,2025-06-11 09:31:02,PEP,149.89,468,buy,NYSE
tx_0000340,2025-06-11 09:31:04,MSFT,299.87,116,buy,NASDAQ
tx_0000381,2025-06-11 09:31:10,MA,352.6,662,sell,NYSE
tx_0008748,2025-06-11 09:31:12,GOOGL,2811.52,875,sell,NASDAQ
tx_0000804,2025-06-11 09:31:13,KO,54.52,330,buy,NYSE
tx_0005271,2025-06-11 09:31:13,PEP,150.26,393,buy,NYSE
tx_0005336,2025-06-11 09:31:18,NVDA,199.61,521,sell,NASDAQ
tx_0007731,2025-06-11 09:31:19,NFLX,501.12,132,sell,NASDAQ
tx_0005015,2025-06-11 09:31:20,WMT,139.87,131,buy,NYSE
tx_0009131,2025-06-11 09:31:23,DIS,182.49,880,buy,NYSE
tx_0002613,2025-06-11 09:31:24,KO,54.89,134,sell,NYSE
tx_0002821,2025-06-11 09:31:24,FB,331.2,841,buy,NASDAQ
tx_0008229,2025-06-11 09:31:27,PEP,149.5,619,buy,NYSE
tx_0007529,2025-06-11 09:31:27,AAPL,149.89,414,sell,NASDAQ
tx_0009001,2025-06-11 09:31:28,PG,141.28,271,buy,NYSE
tx_0006386,2025-06-11 09:31:28,JNJ,172.11,749,sell,NYSE
tx_0003286,2025-06-11 09:31:28,NVDA,202.31,569,buy,NASDAQ
tx_0007405,2025-06-11 09:31:31,PYPL,247.68,827,buy,NASDAQ
tx_0003792,2025-06-11 09:31:32,PG,141.19,379,buy,NYSE
tx_0006230,2025-06-11 09:31:32,MA,345.53,458,sell,NYSE
tx_0000332,2025-06-11 09:31:37,V,216.63,321,buy,NYSE
tx_0007547,2025-06-11 09:31:40,AMZN,3513.38,695,sell,NASDAQ
tx_0002248,2025-06-11 09:31:42,PEP,151.24,545,sell,NYSE
tx_0005622,2025-06-11 09:31:42,NFLX,497.76,341,buy,
tx_0000861,2025-06-11 09:31:43,MSFT,301.23,724,buy,NASDAQ
tx_0004607,2025-06-11 09:31:43,MSFT,295.73,491,buy,NASDAQ
tx_0007913,2025-06-11 09:31:46,NVDA,200.77,779,sell,
tx_0003012,2025-06-11 09:31:52,KO,54.3,462,buy,NYSE
tx_0009946,2025-06-11 09:31:52,AAPL,148.01,626,sell,NASDAQ
tx_0004392,2025-06-11 09:31:55,MA,349.11,148,buy,NYSE
tx_0005517,2025-06-11 09:31:59,PG,139.77,146,buy,
tx_0001709,2025-06-11 09:32:00,MA,347.62,788,buy,NYSE
tx_0009224,2025-06-11 09:32:03,MA,349.34,983,buy,NYSE
tx_0004836,2025-06-11 09:32:05,PEP,151.69,796,buy,NYSE
tx_0006102,2025-06-11 09:32:07,KO,55.22,569,sell,NYSE
tx_0005650,2025-06-11 09:32:09,TSLA,693.81,540,buy,NASDAQ
tx_0002623,2025-06-11 09:32:09,MSFT,295.41,935,sell,NASDAQ
tx_0001819,2025-06-11 09:32:18,JNJ,172.11,952,sell,NYSE
tx_0008408,2025-06-11 09:32:20,PEP,149.72,309,sell,NYSE
tx_0001398,2025-06-11 09:32:20,PG,139.89,104,sell,NYSE
tx_0004613,2025-06-11 09:32:29,AMZN,3539.57,933,sell,NASDAQ
tx_0001981,2025-06-11 09:32:33,AAPL,149.76,858,sell,NASDAQ
tx_0004936,2025-06-11 09:32:36,V,218.68,884,sell,NYSE
tx_0009003,2025-06-11 09:32:36,GOOGL,2753.88,527,sell,NASDAQ
tx_0000098,2025-06-11 09:32:40,PG,139.58,238,buy,NYSE
tx_0000197,2025-06-11 09:32:40,V,219.2,285,sell,NYSE
tx_0004684,2025-06-11 09:32:46,TSLA,692.09,539,sell,NASDAQ
tx_0001449,2025-06-11 09:32:47,V,219.49,704,buy,NYSE
tx_0008397,2025-06-11 09:32:49,TSLA,695.17,493,sell,NASDAQ
tx_0008882,2025-06-11 09:32:50,AMZN,3506.15,378,buy,NASDAQ
tx_0007163,2025-06-11 09:32:52,MCD,248.76,314,sell,NYSE
tx_0002271,2025-06-11 09:32:52,JNJ,171.38,989,sell,NYSE
tx_0004997,2025-06-11 09:32:54,PEP,148.46,346,sell,NYSE
tx_0002957,2025-06-11 09:32:55,MA,344.29,386,sell,NYSE
tx_0008034,2025-06-11 09:32:56,FB,329.63,910,buy,NASDAQ
tx_0005115,2025-06-11 09:32:58,PYPL,248.98,922,buy,NASDAQ
tx_0002454,2025-06-11 09:33:00,TSLA,691.76,697,sell,NASDAQ
tx_0007276,2025-06-11 09:33:01,PG,139.57,887,sell,NYSE
tx_0002199,2025-06-11 09:33:03,PYPL,251.24,805,sell,NASDAQ
tx_0004632,2025-06-11 09:33:03,WMT,138.0,266,buy,NYSE
tx_0000031,2025-06-11 09:33:07,BRK.B,277.11,131,buy,NYSE
tx_0002946,2025-06-11 09:33:09,MSFT,298.52,985,sell,NASDAQ
tx_0009221,2025-06-11 09:33:10,FB,328.72,603,buy,NASDAQ
tx_0000168,2025-06-11 09:33:12,JNJ,169.15,520,sell,NYSE
tx_0008369,2025-06-11 09:33:15,WMT,138.29,175,sell,NYSE
tx_0006305,2025-06-11 09:33:17,TSLA,694.83,358,buy,NASDAQ
tx_0005737,2025-06-11 09:33:19,MCD,250.09,314,sell,NYSE
tx_0009982,2025-06-11 09:33:20,PG,139.76,285,sell,NYSE
tx_0001727,2025-06-11 09:33:20,TSLA,697.13,761,buy,NASDAQ
tx_0003890,2025-06-11 09:33:28,JNJ,170.13,204,buy,NYSE
tx_0000465,2025-06-11 09:33:29,GOOGL,2787.41,108,sell,NASDAQ
tx_0002234,2025-06-11 09:33:29,JNJ,171.38,808,sell,NYSE
tx_0008282,2025-06-11 09:33:30,FB,329.33,860,sell,NASDAQ
tx_0002983,2025-06-11 09:33:34,JNJ,171.46,307,sell,NYSE
tx_0005013,2025-06-11 09:33:37,AAPL,148.64,160,sell,NASDAQ
tx_0003794,2025-06-11 09:33:39,AMZN,3518.16,267,buy,NASDAQ
tx_0007907,2025-06-11 09:33:39,FB,329.55,892,sell,NASDAQ
tx_0002070,2025-06-11 09:33:41,FB,333.32,575,sell,NASDAQ
tx_0007866,2025-06-11 09:33:43,KO,55.26,289,buy,NYSE
tx_0004508,2025-06-11 09:33:46,ADBE,592.49,509,buy,NASDAQ
tx_0002899,2025-06-11 09:33:47,MSFT,300.06,520,buy,NASDAQ
tx_0005037,2025-06-11 09:33:50,AMZN,3532.69,202,buy,NASDAQ
tx_0002000,2025-06-11 09:33:50,ADBE,599.69,811,buy,NASDAQ
tx_0007388,2025-06-11 09:33:52,TSLA,692.43,970,sell,NASDAQ
tx_0008820,2025-06-11 09:33:52,PG,140.1,130,buy,NYSE
tx_0000044,2025-06-11 09:33:53,KO,54.63,619,buy,NYSE
tx_0003224,2025-06-11 09:33:55,WMT,137.82,958,sell,NYSE
tx_0009272,2025-06-11 09:33:57,PEP,148.17,376,buy,NYSE
tx_0009657,2025-06-11 09:33:57,BRK.B,275.33,766,buy,NYSE
tx_0006844,2025-06-11 09:33:59,NVDA,198.19,500,buy,NASDAQ
tx_0008389,2025-06-11 09:34:00,MA,347.27,704,buy,NYSE
tx_0007208,2025-06-11 09:34:01,PG,140.92,394,sell,NYSE
tx_0002507,2025-06-11 09:34:04,PYPL,248.86,109,sell,NASDAQ
tx_0004055,2025-06-11 09:34:08,TSLA,695.26,608,buy,NASDAQ
tx_0007369,2025-06-11 09:34:08,TSLA,693.94,315,buy,NASDAQ
tx_0001042,2025-06-11 09:34:11,MSFT,296.83,901,buy,NASDAQ
tx_0009190,2025-06-11 09:34:12,TSLA,697.71,103,buy,NASDAQ
tx_0005279,2025-06-11 09:34:15,AMZN,3502.32,247,buy,NASDAQ
tx_0006343,2025-06-11 09:34:18,NFLX,502.76,101,buy,NASDAQ
tx_0009753,2025-06-11 09:34:19,DIS,180.71,826,buy,NYSE
tx_0001023,2025-06-11 09:34:21,V,217.68,927,sell,NYSE
tx_0002543,2025-06-11 09:34:25,MSFT,299.85,538,buy,NASDAQ
tx_0009787,2025-06-11 09:34:27,NVDA,198.76,682,buy,NASDAQ
tx_0009399,2025-06-11 09:34:28,MCD,250.59,734,buy,NYSE
tx_0000998,2025-06-11 09:34:29,MSFT,296.62,469,sell,NASDAQ
tx_0009417,2025-06-11 09:34:35,DIS,178.93,127,sell,NYSE
tx_0008294,2025-06-11 09:34:39,WMT,138.86,185,sell,NYSE
tx_0003458,2025-06-11 09:34:42,MA,348.06,575,buy,NYSE
tx_0006330,2025-06-11 09:34:42,GOOGL,2777.72,480,buy,NASDAQ
tx_0004714,2025-06-11 09:34:45,MCD,248.75,515,buy,NYSE
tx_0008776,2025-06-11 09:34:48,MCD,250.84,340,sell,NYSE
tx_0004411,2025-06-11 09:34:49,BRK.B,276.77,141,sell,NYSE
tx_0003892,2025-06-11 09:34:50,V,221.48,350,buy,NYSE
tx_0006943,2025-06-11 09:34:54,JNJ,171.62,360,sell,NYSE
tx_0007733,2025-06-11 09:34:59,GOOGL,2755.86,627,sell,NASDAQ
tx_0008137,2025-06-11 09:35:03,DIS,181.48,600,sell,NYSE
tx_0003612,2025-06-11 09:35:05,BRK.B,280.8,440,buy,NYSE
tx_0000506,2025-06-11 09:35:06,DIS,179.55,527,sell,NYSE
tx_0002641,2025-06-11 09:35:08,DIS,180.9,263,sell,NYSE
tx_0008966,2025-06-11 09:35:15,KO,55.16,516,buy,NYSE
tx_0000705,2025-06-11 09:35:19,AMZN,3492.95,387,sell,NASDAQ
tx_0006001,2025-06-11 09:35:21,KO,54.54,262,buy,NYSE
tx_0003468,2025-06-11 09:35:21,PYPL,247.72,714,sell,NASDAQ
tx_0000511,2025-06-11 09:35:22,MSFT,297.92,175,sell,NASDAQ
tx_0008298,2025-06-11 09:35:27,PG,140.68,618,sell,NYSE
tx_0005886,2025-06-11 09:35:29,WMT,139.63,783,buy,NYSE
tx_0001226,2025-06-11 09:35:30,AAPL,147.69,832,buy,NASDAQ
tx_0007975,2025-06-11 09:35:34,V,219.32,535,sell,NYSE
tx_0004010,2025-06-11 09:35:36,GOOGL,2800.45,897,buy,NASDAQ
tx_0008987,2025-06-11 09:35:39,PG,140.15,701,sell,NYSE
tx_0009061,2025-06-11 09:35:39,TSLA,694.81,704,buy,NASDAQ
tx_0001297,2025-06-11 09:35:43,MCD,252.21,164,sell,NYSE
tx_0008638,2025-06-11 09:35:45,AMZN,3476.8,487,sell,NASDAQ
tx_0004510,2025-06-11 09:35:47,NVDA,196.5,993,buy,NASDAQ
tx_0000964,2025-06-11 09:35:47,TSLA,697.81,148,buy,NASDAQ
tx_0004020,2025-06-11 09:35:49,AAPL,147.17,528,sell,NASDAQ
tx_0003095,2025-06-11 09:35:49,V,221.31,713,sell,NYSE
tx_0004846,2025-06-11 09:35:52,NVDA,199.47,211,buy,NASDAQ
tx_0009991,2025-06-11 09:35:54,PYPL,247.23,803,sell,NASDAQ
tx_0005125,2025-06-11 09:35:54,WMT,137.63,396,sell,NYSE
tx_0007593,2025-06-11 09:35:55,PYPL,248.23,163,buy,NASDAQ
tx_0005631,2025-06-11 09:35:58,MA,344.53,651,buy,NYSE
tx_0008247,2025-06-11 09:35:59,PYPL,249.58,524,sell,NASDAQ
tx_0001950,2025-06-11 09:36:03,MCD,249.14,124,sell,NYSE
tx_0000531,2025-06-11 09:36:05,NFLX,501.64,222,buy,NASDAQ
tx_0001043,2025-06-11 09:36:08,MCD,249.83,673,sell,NYSE
tx_0006216,2025-06-11 09:36:15,JNJ,170.73,815,buy,NYSE
tx_0001339,2025-06-11 09:36:15,MSFT,296.72,552,sell,NASDAQ
tx_0000222,2025-06-11 09:36:18,MA,341.72,835,sell,NYSE
tx_0009246,2025-06-11 09:36:18,NVDA,198.94,454,buy,NASDAQ
tx_0001623,2025-06-11 09:36:21,DIS,178.24,894,buy,NYSE
tx_0005321,2025-06-11 09:36:21,NFLX,503.56,132,buy,NASDAQ
tx_0002140,2025-06-11 09:36:23,TSLA,706.66,416,sell,NASDAQ
tx_0003002,2025-06-11 09:36:23,TSLA,696.79,687,sell,NASDAQ
tx_0002738,2025-06-11 09:36:30,ADBE,597.76,770,sell,NASDAQ
tx_0005029,2025-06-11 09:36:31,ADBE,,621,sell,NASDAQ
tx_0000135,2025-06-11 09:36:32,WMT,138.48,771,sell,NYSE
tx_0006896,2025-06-11 09:36:33,DIS,181.14,234,sell,NYSE
tx_0001910,2025-06-11 09:36:35,JNJ,173.21,574,buy,NYSE
tx_0003225,2025-06-11 09:36:38,NFLX,505.03,249,buy,NASDAQ
tx_0005551,2025-06-11 09:36:38,GOOGL,2780.86,145,buy,NASDAQ
tx_0002510,2025-06-11 09:36:42,NVDA,198.22,932,sell,NASDAQ
tx_0000796,2025-06-11 09:36:44,MCD,252.2,652,sell,NYSE
tx_0005935,2025-06-11 09:36:45,DIS,179.2,945,buy,NYSE
tx_0006324,2025-06-11 09:36:49,WMT,139.98,599,buy,NYSE
tx_0000474,2025-06-11 09:36:50,GOOGL,2789.96,908,buy,NASDAQ
tx_0009341,2025-06-11 09:36:50,PEP,150.27,853,buy,NYSE
tx_0005610,2025-06-11 09:36:52,TSLA,696.9,393,sell,NASDAQ
tx_0003268,2025-06-11 09:36:54,WMT,138.13,971,sell,NYSE
tx_0007270,2025-06-11 09:36:56,KO,54.49,671,sell,NYSE
tx_0008830,2025-06-11 09:36:57,MSFT,300.32,260,buy,NASDAQ
tx_0005687,2025-06-11 09:36:59,AMZN,3505.2,756,sell,NASDAQ
tx_0008494,2025-06-11 09:37:01,JNJ,170.89,442,sell,NYSE
tx_0001831,2025-06-11 09:37:02,NVDA,197.92,182,buy,NASDAQ
tx_0008617,2025-06-11 09:37:09,MSFT,297.43,321,sell,NASDAQ
tx_0004187,2025-06-11 09:37:11,DIS,180.17,898,sell,NYSE
tx_0006904,2025-06-11 09:37:12,AAPL,147.72,502,buy,NASDAQ
tx_0007574,2025-06-11 09:37:16,MCD,249.34,328,sell,NYSE
tx_0003594,2025-06-11 09:37:18,ADBE,599.25,452,sell,NASDAQ
tx_0006621,2025-06-11 09:37:18,DIS,177.99,754,buy,NYSE
tx_0004543,2025-06-11 09:37:19,KO,54.75,206,buy,NYSE
tx_0009761,2025-06-11 09:37:22,PG,138.71,558,sell,NYSE
tx_0001812,2025-06-11 09:37:24,BRK.B,278.14,299,buy,NYSE
tx_0007780,2025-06-11 09:37:25,V,218.25,783,buy,NYSE
tx_0007293,2025-06-11 09:37:27,MA,345.95,105,sell,NYSE
tx_0004838,2025-06-11 09:37:27,PG,140.25,448,sell,NYSE
tx_0001636,2025-06-11 09:37:27,ADBE,590.45,388,buy,NASDAQ
tx_0005019,2025-06-11 09:37:28,TSLA,706.1,670,buy,NASDAQ
tx_0007064,2025-06-11 09:37:28,PEP,149.55,741,sell,NYSE
tx_0009065,2025-06-11 09:37:33,FB,329.73,427,buy,NASDAQ
tx_0004163,2025-06-11 09:37:34,ADBE,595.69,953,buy,NASDAQ
tx_0009430,2025-06-11 09:37:35,AAPL,147.12,228,sell,NASDAQ
tx_0005298,2025-06-11 09:37:36,PG,138.68,421,buy,NYSE
tx_0003443,2025-06-11 09:37:36,PEP,149.35,482,sell,NYSE
tx_0001256,2025-06-11 09:37:39,AMZN,3458.7,537,buy,NASDAQ
tx_0007681,2025-06-11 09:37:39,DIS,180.9,943,buy,NYSE
tx_0007884,2025-06-11 09:37:41,ADBE,591.86,197,sell,NASDAQ
tx_0001006,2025-06-11 09:37:42,PG,138.67,404,buy,NYSE
tx_0004594,2025-06-11 09:37:45,AAPL,146.19,549,buy,NASDAQ
tx_0004866,2025-06-11 09:37:46,TSLA,699.98,556,buy,NASDAQ
tx_0002732,2025-06-11 09:37:47,JNJ,173.19,818,sell,NYSE
tx_0004047,2025-06-11 09:37:49,ADBE,598.68,753,buy,NASDAQ
tx_0008819,2025-06-11 09:37:55,PYPL,249.01,886,buy,NASDAQ
tx_0007667,2025-06-11 09:37:59,FB,333.26,874,buy,NASDAQ
tx_0008225,2025-06-11 09:38:09,TSLA,700.76,733,buy,NASDAQ
tx_0007713,2025-06-11 09:38:11,MCD,251.14,120,sell,NYSE
tx_0005348,2025-06-11 09:38:11,V,220.02,563,sell,NYSE
tx_0003157,2025-06-11 09:38:12,PG,139.49,384,buy,NYSE
tx_0000871,2025-06-11 09:38:13,TSLA,702.83,296,sell,NASDAQ
tx_0005265,2025-06-11 09:38:13,PG,138.17,539,buy,NYSE
tx_0002426,2025-06-11 09:38:21,MA,340.52,363,buy,NYSE
tx_0007247,2025-06-11 09:38:23,KO,54.11,997,sell,NYSE
tx_0002606,2025-06-11 09:38:28,ADBE,601.16,504,buy,NASDAQ
tx_0007034,2025-06-11 09:38:29,TSLA,700.98,399,sell,NASDAQ
tx_0008808,2025-06-11 09:38:30,JNJ,173.57,231,sell,NYSE
tx_0000311,2025-06-11 09:38:31,DIS,180.85,974,sell,NYSE
tx_0006201,2025-06-11 09:38:40,JNJ,171.0,244,sell,NYSE
tx_0003041,2025-06-11 09:38:41,PYPL,249.37,949,sell,NASDAQ
tx_0004090,2025-06-11 09:38:42,MA,342.88,637,sell,NYSE
tx_0001472,2025-06-11 09:38:44,AMZN,3490.39,845,buy,NASDAQ
tx_0008619,2025-06-11 09:38:48,JNJ,171.4,804,sell,NYSE
tx_0003322,2025-06-11 09:38:49,NVDA,199.41,233,sell,NASDAQ
tx_0009256,2025-06-11 09:38:50,AMZN,3479.15,799,sell,NASDAQ
tx_0007442,2025-06-11 09:38:50,WMT,138.63,389,buy,NYSE
tx_0001573,2025-06-11 09:38:51,GOOGL,2765.96,105,sell,NASDAQ
tx_0007596,2025-06-11 09:38:53,AAPL,145.61,505,buy,NASDAQ
tx_0004658,2025-06-11 09:38:53,PG,138.61,422,sell,NYSE
tx_0002680,2025-06-11 09:38:55,PEP,148.7,633,buy,NYSE
tx_0005781,2025-06-11 09:38:56,PEP,148.44,827,buy,NYSE
tx_0000004,2025-06-11 09:38:57,NFLX,501.77,975,buy,NASDAQ
tx_0000622,2025-06-11 09:38:57,TSLA,698.86,129,buy,NASDAQ
tx_0008275,2025-06-11 09:38:59,KO,54.62,937,buy,NYSE
tx_0006314,2025-06-11 09:39:02,JNJ,171.54,756,buy,NYSE
tx_0005985,2025-06-11 09:39:07,ADBE,600.1,970,buy,NASDAQ
tx_0009110,2025-06-11 09:39:08,JNJ,172.76,104,sell,NYSE
tx_0001088,2025-06-11 09:39:10,WMT,138.98,180,buy,NYSE
tx_0007179,2025-06-11 09:39:10,KO,54.27,618,sell,NYSE
tx_0003670,2025-06-11 09:39:14,JNJ,171.58,779,sell,NYSE
tx_0002141,2025-06-11 09:39:15,NFLX,500.12,156,sell,NASDAQ
tx_0005655,2025-06-11 09:39:16,WMT,139.05,984,sell,NYSE
tx_0003687,2025-06-11 09:39:24,PG,139.66,106,sell,NYSE
tx_0006920,2025-06-11 09:39:24,FB,331.73,433,sell,NASDAQ
tx_0001363,2025-06-11 09:39:25,NFLX,505.37,958,buy,NASDAQ
tx_0002909,2025-06-11 09:39:25,AAPL,148.14,795,sell,NASDAQ
tx_0000400,2025-06-11 09:39:26,NVDA,197.94,196,buy,NASDAQ
tx_0003911,2025-06-11 09:39:26,KO,54.96,883,sell,NYSE
tx_0007702,2025-06-11 09:39:28,NFLX,501.48,697,buy,NASDAQ
tx_0006687,2025-06-11 09:39:28,JNJ,169.93,933,sell,NYSE
tx_0004483,2025-06-11 09:39:29,PG,138.04,587,sell,NYSE
tx_0004458,2025-06-11 09:39:32,V,224.56,989,sell,NYSE
tx_0007141,2025-06-11 09:39:34,NFLX,506.63,882,buy,NASDAQ
tx_0006157,2025-06-11 09:39:34,GOOGL,2771.24,193,sell,NASDAQ
tx_0002166,2025-06-11 09:39:35,PYPL,247.03,834,buy,NASDAQ
tx_0002835,2025-06-11 09:39:36,PEP,150.69,844,buy,NYSE
tx_0008514,2025-06-11 09:39:36,WMT,138.0,582,buy,NYSE
tx_0009972,2025-06-11 09:39:37,DIS,178.31,675,buy,NYSE
tx_0005881,2025-06-11 09:39:40,NVDA,199.0,788,sell,NASDAQ
tx_0008327,2025-06-11 09:39:41,JNJ,170.67,214,sell,NYSE
tx_0007338,2025-06-11 09:39:43,MSFT,297.91,399,buy,NASDAQ
tx_0005005,2025-06-11 09:39:44,WMT,139.04,647,sell,NYSE
tx_0005564,2025-06-11 09:39:45,MCD,250.15,652,buy,NYSE
tx_0009366,2025-06-11 09:39:45,MSFT,297.45,318,sell,NASDAQ
tx_0001931,2025-06-11 09:39:49,JNJ,172.54,677,sell,NYSE
tx_0000649,2025-06-11 09:39:51,ADBE,599.99,732,sell,NASDAQ
tx_0001034,2025-06-11 09:39:52,KO,55.0,590,sell,NYSE
tx_0000930,2025-06-11 09:39:56,AMZN,3498.58,506,sell,NASDAQ
tx_0004180,2025-06-11 09:39:57,JNJ,173.11,888,buy,NYSE
tx_0009298,2025-06-11 09:40:03,NVDA,197.11,593,buy,NASDAQ
tx_0002886,2025-06-11 09:40:11,AAPL,145.9,213,sell,NASDAQ
tx_0009527,2025-06-11 09:40:14,PG,139.01,494,sell,NYSE
tx_0007231,2025-06-11 09:40:15,DIS,178.64,357,buy,NYSE
tx_0003798,2025-06-11 09:40:19,NFLX,503.98,709,buy,NASDAQ
tx_0007390,2025-06-11 09:40:19,NVDA,199.77,328,sell,NASDAQ
tx_0007375,2025-06-11 09:40:21,TSLA,701.21,546,buy,NASDAQ
tx_0001822,2025-06-11 09:40:24,DIS,178.73,173,sell,NYSE
tx_0004048,2025-06-11 09:40:27,AMZN,3456.77,849,sell,NASDAQ
tx_0006874,2025-06-11 09:40:32,AMZN,3507.78,804,buy,NASDAQ
tx_0003691,2025-06-11 09:40:32,MCD,252.28,775,sell,NYSE
tx_0005875,2025-06-11 09:40:35,TSLA,699.8,337,buy,NASDAQ
tx_0001005,2025-06-11 09:40:35,NFLX,499.54,360,sell,NASDAQ
tx_0007054,2025-06-11 09:40:36,NFLX,497.23,540,buy,NASDAQ
tx_0007381,2025-06-11 09:40:36,AAPL,145.36,528,sell,NASDAQ
tx_0003246,2025-06-11 09:40:40,WMT,136.67,922,sell,NYSE
tx_0005853,2025-06-11 09:40:41,MSFT,298.44,579,sell,NASDAQ
tx_0007715,2025-06-11 09:40:48,MA,343.71,187,sell,NYSE
tx_0003252,2025-06-11 09:40:49,GOOGL,2798.0,277,buy,NASDAQ
tx_0003759,2025-06-11 09:40:51,MA,342.82,987,sell,NYSE
tx_0006410,2025-06-11 09:40:52,AMZN,3461.96,539,buy,NASDAQ
tx_0000512,2025-06-11 09:40:53,PYPL,246.77,827,sell,NASDAQ
tx_0009861,2025-06-11 09:40:54,BRK.B,273.67,453,buy,NYSE
tx_0009611,2025-06-11 09:40:57,PEP,150.36,896,buy,NYSE
tx_0008364,2025-06-11 09:40:57,DIS,178.67,184,sell,NYSE
tx_0008547,2025-06-11 09:40:58,FB,334.86,418,sell,NASDAQ
tx_0001082,2025-06-11 09:40:59,MA,344.79,555,sell,NYSE
tx_0002312,2025-06-11 09:41:03,PYPL,246.07,286,buy,NASDAQ
tx_0008070,2025-06-11 09:41:04,AAPL,147.17,419,buy,NASDAQ
tx_0004947,2025-06-11 09:41:04,BRK.B,274.58,462,buy,NYSE
tx_0004146,2025-06-11 09:41:08,TSLA,695.22,547,,NASDAQ
tx_0007216,2025-06-11 09:41:10,MCD,252.11,197,sell,NYSE
tx_0006562,2025-06-11 09:41:11,AAPL,145.36,720,buy,NASDAQ
tx_0000424,2025-06-11 09:41:14,WMT,138.35,425,sell,NYSE
tx_0003922,2025-06-11 09:41:14,ADBE,601.53,873,buy,NASDAQ
tx_0002922,2025-06-11 09:41:17,AMZN,3495.61,628,buy,NASDAQ
tx_0001689,2025-06-11 09:41:17,AAPL,146.45,661,sell,NASDAQ
tx_0007296,2025-06-11 09:41:18,DIS,180.23,380,buy,NYSE
tx_0003972,2025-06-11 09:41:19,NFLX,497.44,255,buy,NASDAQ
tx_0004211,2025-06-11 09:41:20,WMT,136.58,692,sell,NYSE
tx_0006480,2025-06-11 09:41:22,MA,344.71,686,buy,NYSE
tx_0001786,2025-06-11 09:41:22,GOOGL,2762.52,312,sell,NASDAQ
tx_0003755,2025-06-11 09:41:28,AAPL,146.06,697,sell,NASDAQ
tx_0004373,2025-06-11 09:41:29,WMT,136.78,344,buy,NYSE
tx_0002811,2025-06-11 09:41:31,AAPL,146.32,329,buy,NASDAQ
tx_0008685,2025-06-11 09:41:35,PYPL,247.33,143,buy,NASDAQ
tx_0006821,2025-06-11 09:41:37,MA,343.03,208,sell,NYSE
tx_0005561,2025-06-11 09:41:37,PYPL,245.13,442,sell,NASDAQ
tx_0008068,2025-06-11 09:41:38,GOOGL,2770.76,691,sell,NASDAQ
tx_0002972,2025-06-11 09:41:39,TSLA,689.56,311,buy,NASDAQ
tx_0006708,2025-06-11 09:41:45,BRK.B,273.86,985,sell,NYSE
tx_0009135,2025-06-11 09:41:48,NFLX,505.15,276,buy,NASDAQ
tx_0005357,2025-06-11 09:41:49,MCD,254.19,759,buy,NYSE
tx_0008433,2025-06-11 09:41:54,WMT,135.92,747,sell,
tx_0005472,2025-06-11 09:41:58,PEP,151.62,407,buy,NYSE
tx_0001935,2025-06-11 09:41:58,JNJ,169.33,258,buy,NYSE
tx_0005593,2025-06-11 09:41:59,PG,139.36,619,sell,NYSE
tx_0004417,2025-06-11 09:42:01,GOOGL,2792.44,155,buy,NASDAQ
tx_0002545,2025-06-11 09:42:03,PEP,149.36,546,buy,NYSE
tx_0008868,2025-06-11 09:42:03,GOOGL,2785.78,304,sell,NASDAQ
tx_0000101,2025-06-11 09:42:03,TSLA,698.69,470,sell,NASDAQ
tx_0006588,2025-06-11 09:42:12,FB,332.01,542,sell,NASDAQ
tx_0006506,2025-06-11 09:42:16,PYPL,246.04,735,buy,NASDAQ
tx_0002139,2025-06-11 09:42:16,DIS,180.15,208,buy,NYSE
tx_0008230,2025-06-11 09:42:19,NFLX,506.75,992,sell,NASDAQ
tx_0004199,2025-06-11 09:42:19,MSFT,299.49,182,buy,NASDAQ
tx_0001982,2025-06-11 09:42:20,AMZN,3518.75,104,buy,NASDAQ
tx_0004911,2025-06-11 09:42:22,ADBE,601.94,848,sell,NASDAQ
tx_0002524,2025-06-11 09:42:33,MA,344.77,372,sell,NYSE
tx_0007778,2025-06-11 09:42:35,WMT,138.94,212,buy,NYSE
tx_0006416,2025-06-11 09:42:36,ADBE,598.34,238,buy,NASDAQ
tx_0004914,2025-06-11 09:42:38,GOOGL,2792.48,162,sell,NASDAQ
tx_0008391,2025-06-11 09:42:38,MA,344.13,509,sell,NYSE
tx_0003263,2025-06-11 09:42:48,FB,335.72,279,sell,NASDAQ
tx_0003460,2025-06-11 09:42:49,BRK.B,273.2,754,sell,NYSE
tx_0000923,2025-06-11 09:42:49,GOOGL,2799.38,249,sell,NASDAQ
tx_0000170,2025-06-11 09:42:53,AAPL,144.61,465,buy,NASDAQ
tx_0003805,2025-06-11 09:42:59,MCD,253.52,343,buy,NYSE
tx_0001755,2025-06-11 09:43:00,V,225.39,374,sell,NYSE
tx_0006552,2025-06-11 09:43:02,KO,55.3,654,sell,NYSE
tx_0001875,2025-06-11 09:43:06,WMT,137.45,280,buy,NYSE
tx_0007253,2025-06-11 09:43:06,GOOGL,2812.84,737,buy,NASDAQ
tx_0001315,2025-06-11 09:43:13,AAPL,147.22,731,sell,NASDAQ
tx_0005293,2025-06-11 09:43:13,GOOGL,2784.92,731,sell,NASDAQ
tx_0000977,2025-06-11 09:43:14,AAPL,144.91,957,buy,NASDAQ
tx_0007107,2025-06-11 09:43:14,MSFT,300.0,269,sell,NASDAQ
tx_0006358,2025-06-11 09:43:16,AMZN,3482.87,836,buy,NASDAQ
tx_0002965,2025-06-11 09:43:18,BRK.B,275.64,754,sell,NYSE
tx_0003026,2025-06-11 09:43:18,BRK.B,272.35,748,buy,NYSE
tx_0008212,2025-06-11 09:43:19,JNJ,171.24,193,sell,NYSE
tx_0007105,2025-06-11 09:43:23,PG,136.71,382,buy,NYSE
tx_0003893,2025-06-11 09:43:23,NFLX,502.27,995,buy,NASDAQ
tx_0007380,2025-06-11 09:43:23,FB,336.59,418,buy,NASDAQ
tx_0009588,2025-06-11 09:43:24,V,224.09,550,sell,NYSE
tx_0007170,2025-06-11 09:43:24,JNJ,171.25,465,sell,NYSE
tx_0005390,2025-06-11 09:43:26,DIS,179.34,957,buy,NYSE
tx_0001091,2025-06-11 09:43:26,MA,343.98,130,sell,NYSE
tx_0004719,2025-06-11 09:43:30,GOOGL,2802.45,793,sell,NASDAQ
tx_0001162,2025-06-11 09:43:32,DIS,179.97,139,sell,NYSE
tx_0004241,2025-06-11 09:43:33,PYPL,247.05,320,buy,NASDAQ
tx_0003830,2025-06-11 09:43:33,NFLX,507.56,892,buy,NASDAQ
tx_0004639,2025-06-11 09:43:35,MA,346.51,168,buy,NYSE
tx_0001906,2025-06-11 09:43:35,AMZN,3483.07,904,sell,NASDAQ
tx_0000805,2025-06-11 09:43:36,BRK.B,275.73,879,sell,NYSE
tx_0006668,2025-06-11 09:43:38,PEP,149.79,636,buy,NYSE
tx_0006914,2025-06-11 09:43:44,JNJ,171.77,639,sell,NYSE
tx_0009260,2025-06-11 09:43:45,PYPL,245.54,582,sell,NASDAQ
tx_0000941,2025-06-11 09:43:53,MSFT,302.0,433,buy,NASDAQ
tx_0008492,2025-06-11 09:43:53,TSLA,697.75,250,buy,NASDAQ
tx_0002993,2025-06-11 09:43:57,NFLX,502.05,701,sell,NASDAQ
tx_0009436,2025-06-11 09:43:58,WMT,137.31,653,buy,NYSE
tx_0004731,2025-06-11 09:44:00,WMT,137.06,549,buy,NYSE
tx_0004178,2025-06-11 09:44:01,TSLA,703.04,591,sell,NASDAQ
tx_0002665,2025-06-11 09:44:02,MSFT,302.85,968,buy,NASDAQ
tx_0001666,2025-06-11 09:44:05,ADBE,602.11,203,sell,NASDAQ
tx_0006575,2025-06-11 09:44:08,FB,335.68,789,sell,NASDAQ
tx_0007697,2025-06-11 09:44:10,KO,55.04,508,buy,NYSE
tx_0000620,2025-06-11 09:44:12,WMT,137.57,399,buy,NYSE
tx_0002222,2025-06-11 09:44:13,AAPL,144.25,1000,buy,NASDAQ
tx_0003083,2025-06-11 09:44:17,AAPL,144.85,178,sell,NASDAQ
tx_0006404,2025-06-11 09:44:19,PG,138.11,395,buy,NYSE
tx_0005595,2025-06-11 09:44:22,AMZN,3474.88,653,sell,NASDAQ
tx_0007152,2025-06-11 09:44:23,NVDA,197.72,960,buy,NASDAQ
tx_0007433,2025-06-11 09:44:23,MSFT,299.11,829,sell,
tx_0007079,2025-06-11 09:44:26,MSFT,299.48,650,sell,NASDAQ
tx_0005106,2025-06-11 09:44:28,MCD,253.96,237,buy,NYSE
tx_0005619,2025-06-11 09:44:29,DIS,178.86,903,sell,NYSE
tx_0006669,2025-06-11 09:44:29,NVDA,197.58,827,buy,NASDAQ
tx_0001732,2025-06-11 09:44:34,PEP,150.83,220,sell,NYSE
tx_0001225,2025-06-11 09:44:42,MSFT,301.71,106,buy,NASDAQ
tx_0001565,2025-06-11 09:44:47,TSLA,690.45,582,buy,NASDAQ
tx_0004045,2025-06-11 09:44:47,FB,332.38,862,buy,NASDAQ
tx_0003938,2025-06-11 09:44:49,BRK.B,275.95,525,sell,NYSE
tx_0002575,2025-06-11 09:44:52,NVDA,197.09,766,sell,NASDAQ
tx_0009324,2025-06-11 09:44:54,PYPL,245.27,670,buy,NASDAQ
tx_0000927,2025-06-11 09:44:56,PG,139.32,969,buy,NYSE
tx_0001735,2025-06-11 09:44:56,KO,54.47,482,buy,NYSE
tx_0002189,2025-06-11 09:44:58,NVDA,198.88,609,buy,NASDAQ
tx_0002561,2025-06-11 09:45:00,KO,54.8,435,sell,NYSE
tx_0005617,2025-06-11 09:45:01,MA,348.76,490,buy,NYSE
tx_0003265,2025-06-11 09:45:02,MA,346.66,589,sell,NYSE
tx_0002853,2025-06-11 09:45:04,ADBE,596.38,836,buy,NASDAQ
tx_0003658,2025-06-11 09:45:12,WMT,138.56,448,sell,NYSE
tx_0007308,2025-06-11 09:45:15,V,224.28,780,buy,NYSE
tx_0003024,2025-06-11 09:45:15,AMZN,3448.42,261,sell,NASDAQ
tx_0008104,2025-06-11 09:45:18,DIS,181.25,455,sell,NYSE
tx_0004995,2025-06-11 09:45:19,MA,344.61,803,sell,NYSE
tx_0000493,2025-06-11 09:45:20,PEP,150.98,468,sell,NYSE
tx_0007614,2025-06-11 09:45:20,GOOGL,2776.22,181,sell,NASDAQ
tx_0000108,2025-06-11 09:45:23,JNJ,169.36,607,buy,NYSE
tx_0008007,2025-06-11 09:45:25,WMT,136.98,366,sell,NYSE
tx_0006182,2025-06-11 09:45:29,GOOGL,2819.4,889,buy,NASDAQ
tx_0003584,2025-06-11 09:45:31,MSFT,303.61,912,sell,NASDAQ
tx_0008556,2025-06-11 09:45:31,NVDA,197.76,476,sell,NASDAQ
tx_0009916,2025-06-11 09:45:32,MA,345.48,206,buy,NYSE
tx_0005569,2025-06-11 09:45:34,NVDA,197.36,175,buy,NASDAQ
tx_0002326,2025-06-11 09:45:39,DIS,182.22,967,buy,NYSE
tx_0008706,2025-06-11 09:45:41,KO,54.84,342,buy,NYSE
tx_0009250,2025-06-11 09:45:41,PG,138.23,991,sell,NYSE
tx_0005266,2025-06-11 09:45:42,AAPL,144.99,694,buy,NASDAQ
tx_0002148,2025-06-11 09:45:43,ADBE,593.49,255,sell,NASDAQ
tx_0001681,2025-06-11 09:45:51,AAPL,147.25,332,buy,NASDAQ
tx_0004781,2025-06-11 09:45:53,NVDA,197.18,426,sell,NASDAQ
tx_0005816,2025-06-11 09:45:53,AMZN,3477.88,428,sell,NASDAQ
tx_0006630,2025-06-11 09:45:53,NFLX,505.31,794,buy,NASDAQ
tx_0000276,2025-06-11 09:45:55,PEP,149.76,721,sell,NYSE
tx_0001277,2025-06-11 09:45:58,BRK.B,273.05,677,buy,NYSE
tx_0000697,2025-06-11 09:46:00,BRK.B,275.74,921,sell,NYSE
tx_0000802,2025-06-11 09:46:07,BRK.B,276.59,528,buy,NYSE
tx_0006444,2025-06-11 09:46:07,BRK.B,274.65,353,sell,NYSE
tx_0008656,2025-06-11 09:46:07,PEP,150.76,655,buy,NYSE
tx_0000538,2025-06-11 09:46:08,AMZN,3466.84,596,sell,NASDAQ
tx_0009913,2025-06-11 09:46:08,PYPL,246.82,316,sell,NASDAQ
tx_0003575,2025-06-11 09:46:14,PG,139.5,479,buy,NYSE
tx_0007629,2025-06-11 09:46:20,MSFT,303.01,380,sell,NASDAQ
tx_0001919,2025-06-11 09:46:25,NVDA,199.22,576,sell,NASDAQ
tx_0006526,2025-06-11 09:46:25,AAPL,145.74,217,sell,NASDAQ
tx_0002923,2025-06-11 09:46:26,AMZN,3451.57,734,buy,NASDAQ
tx_0006080,2025-06-11 09:46:26,MSFT,301.88,303,buy,NASDAQ
tx_0008983,2025-06-11 09:46:30,NFLX,507.73,202,sell,NASDAQ
tx_0007964,2025-06-11 09:46:30,MCD,252.79,562,sell,NYSE
tx_0001374,2025-06-11 09:46:30,KO,54.82,301,buy,NYSE
tx_0002395,2025-06-11 09:46:32,BRK.B,273.52,244,buy,NYSE
tx_0008752,2025-06-11 09:46:34,NVDA,198.82,370,buy,NASDAQ
tx_0001848,2025-06-11 09:46:34,MCD,250.58,764,sell,NYSE
tx_0003465,2025-06-11 09:46:39,GOOGL,2783.17,461,buy,NASDAQ
tx_0004351,2025-06-11 09:46:40,MCD,252.82,913,sell,NYSE
tx_0004830,2025-06-11 09:46:46,FB,332.02,249,buy,NASDAQ
tx_0008041,2025-06-11 09:46:46,MA,346.41,602,buy,NYSE
tx_0005439,2025-06-11 09:46:48,PYPL,245.65,980,sell,NASDAQ
tx_0002180,2025-06-11 09:46:56,PG,137.97,240,buy,NYSE
tx_0004132,2025-06-11 09:46:59,MSFT,304.77,813,buy,NASDAQ
tx_0000063,2025-06-11 09:47:02,PYPL,248.01,889,buy,NASDAQ
tx_0004565,2025-06-11 09:47:03,AAPL,145.18,636,sell,NASDAQ
tx_0002259,2025-06-11 09:47:11,PG,139.88,976,buy,NYSE
tx_0009699,2025-06-11 09:47:13,MCD,250.7,979,sell,NYSE
tx_0007358,2025-06-11 09:47:13,PYPL,245.75,384,buy,NASDAQ
tx_0008648,2025-06-11 09:47:16,MSFT,302.7,252,sell,NASDAQ
tx_0006325,2025-06-11 09:47:17,BRK.B,271.48,360,buy,NYSE
tx_0000883,2025-06-11 09:47:21,ADBE,593.54,206,sell,NASDAQ
tx_0009702,2025-06-11 09:47:21,AAPL,145.34,493,sell,NASDAQ
tx_0008330,2025-06-11 09:47:21,FB,334.21,138,buy,NASDAQ
tx_0008296,2025-06-11 09:47:23,PYPL,243.66,330,buy,NASDAQ
tx_0001160,2025-06-11 09:47:32,MA,346.08,856,sell,NYSE
tx_0000607,2025-06-11 09:47:37,JNJ,171.24,709,sell,NYSE
tx_0007469,2025-06-11 09:47:41,NVDA,197.58,551,buy,NASDAQ
tx_0006625,2025-06-11 09:47:46,MSFT,300.74,559,buy,NASDAQ
tx_0002434,2025-06-11 09:47:49,GOOGL,2808.92,569,buy,NASDAQ
tx_0007656,2025-06-11 09:47:53,GOOGL,2786.63,540,buy,NASDAQ
tx_0007853,2025-06-11 09:47:54,PYPL,245.49,373,buy,NASDAQ
tx_0009927,2025-06-11 09:47:56,V,221.69,438,buy,NYSE
tx_0003600,2025-06-11 09:48:03,KO,54.37,354,sell,NYSE
tx_0003605,2025-06-11 09:48:03,TSLA,694.14,822,buy,NASDAQ
tx_0006672,2025-06-11 09:48:04,BRK.B,271.57,988,sell,NYSE
tx_0002925,2025-06-11 09:48:05,JNJ,171.6,765,sell,NYSE
tx_0003994,2025-06-11 09:48:09,MA,346.68,490,sell,NYSE
tx_0008158,2025-06-11 09:48:13,NVDA,195.7,796,buy,NASDAQ
tx_0004717,2025-06-11 09:48:15,AAPL,147.36,714,sell,NASDAQ
tx_0002805,2025-06-11 09:48:19,AAPL,146.9,362,sell,NASDAQ
tx_0007359,2025-06-11 09:48:25,MA,345.14,252,sell,NYSE
tx_0004374,2025-06-11 09:48:26,MSFT,300.38,632,sell,NASDAQ
tx_0000160,2025-06-11 09:48:27,MA,347.62,199,buy,NYSE
tx_0009993,2025-06-11 09:48:28,NVDA,195.47,280,buy,NASDAQ
tx_0002384,2025-06-11 09:48:28,BRK.B,271.46,398,sell,NYSE
tx_0002689,2025-06-11 09:48:28,MCD,251.12,384,sell,NYSE
tx_0000653,2025-06-11 09:48:32,NVDA,194.91,594,buy,NASDAQ
tx_0003216,2025-06-11 09:48:34,MSFT,299.68,742,buy,NASDAQ
tx_0006574,2025-06-11 09:48:35,BRK.B,270.58,284,sell,NYSE
tx_0003060,2025-06-11 09:48:44,KO,54.66,238,sell,NYSE
tx_0002220,2025-06-11 09:48:45,JNJ,169.73,467,sell,NYSE
tx_0004496,2025-06-11 09:48:45,PG,140.82,971,sell,NYSE
tx_0005714,2025-06-11 09:48:47,DIS,182.74,447,buy,NYSE
tx_0005403,2025-06-11 09:48:48,FB,331.76,309,sell,NASDAQ
tx_0006776,2025-06-11 09:48:49,MCD,251.14,893,sell,NYSE
tx_0002372,2025-06-11 09:48:53,TSLA,692.13,860,sell,NASDAQ
tx_0003979,2025-06-11 09:48:53,NFLX,511.41,366,sell,NASDAQ
tx_0000451,2025-06-11 09:48:55,PEP,149.94,446,sell,NYSE
tx_0004832,2025-06-11 09:48:58,BRK.B,271.76,580,sell,NYSE
tx_0007147,2025-06-11 09:49:00,AMZN,3501.43,580,buy,NASDAQ
tx_0006596,2025-06-11 09:49:04,NFLX,507.69,419,sell,NASDAQ
tx_0001675,2025-06-11 09:49:10,PEP,149.77,994,sell,NYSE
tx_0003493,2025-06-11 09:49:14,WMT,138.55,235,buy,NYSE
tx_0008323,2025-06-11 09:49:15,GOOGL,2822.61,892,sell,NASDAQ
tx_0006348,2025-06-11 09:49:16,AAPL,147.05,190,sell,NASDAQ
tx_0009782,2025-06-11 09:49:17,WMT,139.73,583,sell,NYSE
tx_0002106,2025-06-11 09:49:19,FB,333.86,578,sell,NASDAQ
tx_0004661,2025-06-11 09:49:21,KO,54.82,479,buy,NYSE
tx_0007465,2025-06-11 09:49:22,PG,138.72,406,sell,NYSE
tx_0008795,2025-06-11 09:49:26,WMT,137.69,357,buy,NYSE
tx_0001041,2025-06-11 09:49:28,MSFT,304.59,230,sell,NASDAQ
tx_0003946,2025-06-11 09:49:29,ADBE,594.44,897,sell,NASDAQ
tx_0000693,2025-06-11 09:49:30,AAPL,146.3,121,sell,NASDAQ
tx_0004477,2025-06-11 09:49:33,AMZN,3485.37,625,buy,NASDAQ
tx_0006466,2025-06-11 09:49:41,NVDA,195.5,530,buy,NASDAQ
tx_0007352,2025-06-11 09:49:48,MCD,253.16,424,sell,NYSE
tx_0000684,2025-06-11 09:49:48,MSFT,300.96,345,sell,NASDAQ
tx_0005975,2025-06-11 09:49:50,GOOGL,2839.85,146,buy,NASDAQ
tx_0007521,2025-06-11 09:49:51,FB,333.79,676,buy,NASDAQ
tx_0008851,2025-06-11 09:49:52,GOOGL,2809.86,495,sell,NASDAQ
tx_0006012,2025-06-11 09:49:55,BRK.B,271.55,971,buy,NYSE
tx_0003053,2025-06-11 09:49:57,PG,139.55,518,buy,NYSE
tx_0008767,2025-06-11 09:50:05,FB,336.06,965,buy,NASDAQ
tx_0008093,2025-06-11 09:50:09,DIS,181.67,822,sell,NYSE
tx_0007154,2025-06-11 09:50:13,DIS,181.98,357,sell,NYSE
tx_0004031,2025-06-11 09:50:14,DIS,183.22,934,sell,NYSE
tx_0006053,2025-06-11 09:50:17,TSLA,689.89,229,buy,NASDAQ
tx_0002430,2025-06-11 09:50:18,NVDA,195.56,167,buy,NASDAQ
tx_0008449,2025-06-11 09:50:18,JNJ,169.8,422,sell,NYSE
tx_0002569,2025-06-11 09:50:20,MSFT,300.19,455,buy,NASDAQ
tx_0000027,2025-06-11 09:50:26,MCD,251.17,144,buy,NYSE
tx_0003516,2025-06-11 09:50:27,TSLA,682.44,592,sell,NASDAQ
tx_0004797,2025-06-11 09:50:30,ADBE,597.27,760,buy,NASDAQ
tx_0003900,2025-06-11 09:50:30,AAPL,146.6,772,buy,NASDAQ
tx_0009101,2025-06-11 09:50:30,ADBE,594.38,419,sell,NASDAQ
tx_0001228,2025-06-11 09:50:30,WMT,138.59,901,buy,NYSE
tx_0005242,2025-06-11 09:50:32,PG,140.98,894,buy,NYSE
tx_0008016,2025-06-11 09:50:36,PEP,148.19,899,sell,NYSE
tx_0008114,2025-06-11 09:50:40,NFLX,512.88,185,buy,NASDAQ
tx_0009313,2025-06-11 09:50:45,TSLA,692.16,187,buy,
tx_0009382,2025-06-11 09:50:47,PG,141.7,852,sell,NYSE
tx_0001511,2025-06-11 09:50:49,V,226.08,629,sell,NYSE
tx_0006056,2025-06-11 09:50:51,MA,340.63,766,sell,NYSE
tx_0000157,2025-06-11 09:50:54,DIS,180.45,128,buy,NYSE
tx_0007029,2025-06-11 09:50:58,MCD,254.7,815,buy,NYSE
tx_0009177,2025-06-11 09:51:01,BRK.B,270.27,277,buy,NYSE
tx_0004535,2025-06-11 09:51:02,FB,332.76,946,sell,NASDAQ
tx_0000731,2025-06-11 09:51:04,MCD,253.84,975,sell,NYSE
tx_0001126,2025-06-11 09:51:05,JNJ,170.86,735,sell,NYSE
tx_0003843,2025-06-11 09:51:07,AMZN,3484.63,923,buy,NASDAQ
tx_0000704,2025-06-11 09:51:07,WMT,137.28,634,buy,NYSE
tx_0004350,2025-06-11 09:51:09,BRK.B,271.84,625,sell,NYSE
tx_0009210,2025-06-11 09:51:09,NFLX,502.87,500,buy,NASDAQ
tx_0009820,2025-06-11 09:51:13,NVDA,197.11,991,sell,NASDAQ
tx_0004342,2025-06-11 09:51:13,KO,54.96,289,sell,NYSE
tx_0003920,2025-06-11 09:51:14,JNJ,171.9,810,sell,NYSE
tx_0002770,2025-06-11 09:51:19,JNJ,170.09,514,sell,NYSE
tx_0003472,2025-06-11 09:51:19,GOOGL,2797.98,936,sell,NASDAQ
tx_0005516,2025-06-11 09:51:22,TSLA,694.69,121,buy,NASDAQ
tx_0008807,2025-06-11 09:51:24,DIS,181.84,722,buy,
tx_0009389,2025-06-11 09:51:24,DIS,181.95,180,sell,NYSE
tx_0008415,2025-06-11 09:51:24,AAPL,147.04,262,buy,NASDAQ
tx_0008594,2025-06-11 09:51:29,DIS,179.99,407,buy,NYSE
tx_0000592,2025-06-11 09:51:31,KO,54.39,727,sell,NYSE
tx_0003072,2025-06-11 09:51:35,FB,330.47,267,buy,NASDAQ
tx_0004446,2025-06-11 09:51:38,PEP,147.81,963,buy,NYSE
tx_0003602,2025-06-11 09:51:43,MA,339.77,567,sell,NYSE
tx_0007670,2025-06-11 09:51:45,PG,141.69,449,,NYSE
tx_0007774,2025-06-11 09:51:45,NVDA,193.8,333,sell,NASDAQ
tx_0004958,2025-06-11 09:51:45,AAPL,145.58,556,buy,NASDAQ
tx_0000230,2025-06-11 09:51:46,AAPL,146.68,280,buy,NASDAQ
tx_0004231,2025-06-11 09:51:47,V,225.66,767,sell,NYSE
tx_0007704,2025-06-11 09:51:48,V,226.15,769,sell,NYSE
tx_0003385,2025-06-11 09:51:48,NFLX,508.95,722,buy,NASDAQ
tx_0004382,2025-06-11 09:51:58,MA,339.72,181,sell,NYSE
tx_0000562,2025-06-11 09:51:59,WMT,138.72,909,sell,NYSE
tx_0005145,2025-06-11 09:51:59,TSLA,698.64,849,buy,NASDAQ
tx_0008042,2025-06-11 09:52:01,BRK.B,270.7,719,sell,NYSE
tx_0008235,2025-06-11 09:52:05,FB,333.77,987,buy,NASDAQ
tx_0006595,2025-06-11 09:52:06,AMZN,3466.51,587,buy,NASDAQ
tx_0007783,2025-06-11 09:52:09,MA,345.47,220,buy,NYSE
tx_0004665,2025-06-11 09:52:11,BRK.B,271.91,864,sell,NYSE
tx_0002045,2025-06-11 09:52:13,V,225.32,444,sell,NYSE
tx_0007820,2025-06-11 09:52:13,AMZN,3502.52,257,buy,NASDAQ
tx_0002731,2025-06-11 09:52:18,FB,330.66,955,sell,NASDAQ
tx_0009524,2025-06-11 09:52:21,AAPL,144.81,619,buy,NASDAQ
tx_0001489,2025-06-11 09:52:25,MSFT,302.01,154,buy,NASDAQ
tx_0000320,2025-06-11 09:52:25,WMT,137.03,579,buy,NYSE
tx_0007108,2025-06-11 09:52:26,KO,54.3,902,sell,NYSE
tx_0002548,2025-06-11 09:52:26,MA,341.5,187,sell,NYSE
tx_0001872,2025-06-11 09:52:27,JNJ,170.45,410,sell,NYSE
tx_0005530,2025-06-11 09:52:27,NFLX,510.08,933,sell,NASDAQ
tx_0000810,2025-06-11 09:52:29,TSLA,697.33,134,buy,NASDAQ
tx_0003447,2025-06-11 09:52:29,TSLA,687.0,494,sell,NASDAQ
tx_0001720,2025-06-11 09:52:34,ADBE,585.56,971,buy,NASDAQ
tx_0004035,2025-06-11 09:52:35,AMZN,3463.47,305,buy,NASDAQ
tx_0009707,2025-06-11 09:52:36,ADBE,592.57,725,sell,NASDAQ
tx_0002521,2025-06-11 09:52:40,FB,331.83,184,buy,NASDAQ
tx_0009899,2025-06-11 09:52:43,ADBE,595.32,178,sell,NASDAQ
tx_0002439,2025-06-11 09:52:43,JNJ,170.53,398,buy,NYSE
tx_0003234,2025-06-11 09:52:50,PEP,148.41,337,buy,NYSE
tx_0004768,2025-06-11 09:52:53,PG,141.52,422,sell,NYSE
tx_0001771,2025-06-11 09:52:59,DIS,182.41,185,sell,NYSE
tx_0002134,2025-06-11 09:53:00,DIS,180.05,834,sell,NYSE
tx_0009044,2025-06-11 09:53:01,V,225.59,827,sell,NYSE
tx_0007856,2025-06-11 09:53:02,TSLA,685.66,925,sell,NASDAQ
tx_0007087,2025-06-11 09:53:04,PYPL,242.69,314,buy,NASDAQ
tx_0006308,2025-06-11 09:53:09,TSLA,694.66,232,buy,NASDAQ
tx_0005144,2025-06-11 09:53:09,MA,342.35,332,sell,NYSE
tx_0002841,2025-06-11 09:53:10,PYPL,244.63,217,buy,NASDAQ
tx_0009918,2025-06-11 09:53:14,TSLA,687.3,850,sell,NASDAQ
tx_0007556,2025-06-11 09:53:21,NFLX,509.15,443,buy,NASDAQ
tx_0008317,2025-06-11 09:53:24,TSLA,693.08,130,sell,NASDAQ
tx_0000083,2025-06-11 09:53:25,MA,344.04,171,buy,NYSE
tx_0007835,2025-06-11 09:53:27,PEP,148.22,730,sell,NYSE
tx_0007735,2025-06-11 09:53:28,KO,54.01,659,buy,NYSE
tx_0008577,2025-06-11 09:53:29,MCD,252.08,849,sell,NYSE
tx_0000268,2025-06-11 09:53:30,BRK.B,269.67,413,sell,NYSE
tx_0006233,2025-06-11 09:53:34,DIS,180.57,636,buy,NYSE
tx_0009926,2025-06-11 09:53:36,AAPL,144.88,977,sell,NASDAQ
tx_0000364,2025-06-11 09:53:37,NFLX,504.25,792,buy,NASDAQ
tx_0007861,2025-06-11 09:53:37,TSLA,689.31,709,sell,NASDAQ
tx_0007970,2025-06-11 09:53:38,KO,54.29,919,sell,NYSE
tx_0004903,2025-06-11 09:53:39,MSFT,302.48,809,buy,NASDAQ
tx_0005381,2025-06-11 09:53:39,NVDA,196.78,476,buy,NASDAQ
tx_0003896,2025-06-11 09:53:39,KO,54.29,806,buy,NYSE
tx_0002553,2025-06-11 09:53:40,PYPL,243.82,392,buy,NASDAQ
tx_0001016,2025-06-11 09:53:40,MA,346.34,965,buy,NYSE
tx_0009813,2025-06-11 09:53:43,AAPL,144.73,607,sell,NASDAQ
tx_0009395,2025-06-11 09:53:47,AMZN,3450.32,652,buy,NASDAQ
tx_0009510,2025-06-11 09:53:52,AMZN,3491.47,594,sell,NASDAQ
tx_0008662,2025-06-11 09:53:53,WMT,139.14,403,sell,NYSE
tx_0008775,2025-06-11 09:53:56,AMZN,3477.41,456,buy,NASDAQ
tx_0006010,2025-06-11 09:53:58,V,225.53,856,buy,NYSE
tx_0000783,2025-06-11 09:54:02,GOOGL,2818.81,468,sell,NASDAQ
tx_0006682,2025-06-11 09:54:02,AAPL,144.81,210,sell,NASDAQ
tx_0009746,2025-06-11 09:54:07,GOOGL,2821.57,202,buy,NASDAQ
tx_0006138,2025-06-11 09:54:08,MCD,252.96,785,buy,NYSE
tx_0001389,2025-06-11 09:54:08,V,225.4,660,buy,NYSE
tx_0001596,2025-06-11 09:54:10,PEP,151.17,852,sell,NYSE
tx_0009267,2025-06-11 09:54:11,PEP,150.37,449,buy,NYSE
tx_0000944,2025-06-11 09:54:11,WMT,137.57,573,buy,NYSE
tx_0001243,2025-06-11 09:54:13,AMZN,3499.73,403,sell,NASDAQ
tx_0003326,2025-06-11 09:54:13,NFLX,507.07,343,sell,NASDAQ
tx_0005152,2025-06-11 09:54:17,MCD,253.03,447,buy,NYSE
tx_0007607,2025-06-11 09:54:17,PG,140.73,370,buy,NYSE
tx_0006101,2025-06-11 09:54:18,ADBE,595.38,366,sell,NASDAQ
tx_0001348,2025-06-11 09:54:18,GOOGL,2844.64,831,sell,NASDAQ
tx_0002683,2025-06-11 09:54:18,MCD,253.04,392,buy,NYSE
tx_0006650,2025-06-11 09:54:22,PEP,150.84,740,buy,NYSE
tx_0002270,2025-06-11 09:54:22,V,225.46,329,buy,NYSE
tx_0002124,2025-06-11 09:54:24,MA,342.26,860,sell,NYSE
tx_0000322,2025-06-11 09:54:24,DIS,181.5,211,buy,NYSE
tx_0005331,2025-06-11 09:54:26,V,225.89,570,sell,NYSE
tx_0003558,2025-06-11 09:54:27,WMT,139.17,309,sell,NYSE
tx_0005024,2025-06-11 09:54:29,KO,54.76,916,sell,NYSE
tx_0006809,2025-06-11 09:54:34,BRK.B,269.93,279,sell,NYSE
tx_0009021,2025-06-11 09:54:37,AAPL,144.81,170,sell,NASDAQ
tx_0004504,2025-06-11 09:54:44,MSFT,303.93,560,buy,NASDAQ
tx_0007362,2025-06-11 09:54:44,DIS,181.7,167,sell,NYSE
tx_0004315,2025-06-11 09:54:44,PG,141.03,747,buy,NYSE
tx_0002015,2025-06-11 09:54:46,PG,140.72,359,buy,NYSE
tx_0008562,2025-06-11 09:54:50,ADBE,,864,buy,NASDAQ
tx_0004842,2025-06-11 09:54:50,KO,54.75,291,buy,NYSE
tx_0005812,2025-06-11 09:54:52,MCD,255.07,289,buy,NYSE
tx_0004585,2025-06-11 09:54:54,PYPL,245.84,785,sell,NASDAQ
tx_0000396,2025-06-11 09:54:56,NVDA,194.98,373,buy,NASDAQ
tx_0005049,2025-06-11 09:55:00,MA,341.51,631,buy,NYSE
tx_0001817,2025-06-11 09:55:02,MCD,253.54,305,sell,NYSE
tx_0006075,2025-06-11 09:55:05,AMZN,3465.46,516,sell,NASDAQ
tx_0004223,2025-06-11 09:55:07,WMT,137.1,143,buy,NYSE
tx_0003486,2025-06-11 09:55:12,DIS,183.44,615,buy,NYSE
tx_0007495,2025-06-11 09:55:14,PG,141.24,114,buy,NYSE
tx_0000554,2025-06-11 09:55:19,PYPL,245.03,349,buy,NASDAQ
tx_0007959,2025-06-11 09:55:21,MSFT,300.87,858,buy,NASDAQ
tx_0008579,2025-06-11 09:55:22,KO,54.82,774,buy,NYSE
tx_0009846,2025-06-11 09:55:22,V,225.81,109,sell,NYSE
tx_0003852,2025-06-11 09:55:27,DIS,180.74,264,sell,NYSE
tx_0004276,2025-06-11 09:55:30,NVDA,194.48,341,buy,NASDAQ
tx_0001378,2025-06-11 09:55:31,NFLX,505.65,888,buy,NASDAQ
tx_0008069,2025-06-11 09:55:34,MCD,255.93,363,buy,NYSE
tx_0009095,2025-06-11 09:55:34,NVDA,194.26,650,sell,NASDAQ
tx_0004730,2025-06-11 09:55:35,V,228.57,173,sell,NYSE
tx_0000079,2025-06-11 09:55:38,PG,139.06,383,sell,NYSE
tx_0009398,2025-06-11 09:55:41,NVDA,194.72,116,buy,NASDAQ
tx_0003645,2025-06-11 09:55:42,MA,343.61,995,sell,NYSE
tx_0000218,2025-06-11 09:55:43,GOOGL,2812.98,594,buy,NASDAQ
tx_0002839,2025-06-11 09:55:45,NVDA,193.74,600,buy,NASDAQ
tx_0006273,2025-06-11 09:55:46,FB,333.55,309,sell,NASDAQ
tx_0006911,2025-06-11 09:55:48,TSLA,683.55,387,sell,NASDAQ
tx_0004759,2025-06-11 09:55:51,MCD,255.8,920,sell,NYSE
tx_0002893,2025-06-11 09:55:54,PEP,151.48,744,sell,NYSE
tx_0000299,2025-06-11 09:55:56,AAPL,146.05,125,sell,NASDAQ
tx_0000335,2025-06-11 09:55:57,FB,330.86,107,buy,NASDAQ
tx_0007651,2025-06-11 09:55:59,PYPL,248.68,489,sell,NASDAQ
tx_0002752,2025-06-11 09:56:00,PYPL,248.34,466,buy,NASDAQ
tx_0007099,2025-06-11 09:56:01,MA,341.08,451,sell,NYSE
tx_0006568,2025-06-11 09:56:02,BRK.B,267.3,761,buy,NYSE
tx_0005891,2025-06-11 09:56:05,ADBE,589.23,691,buy,NASDAQ
tx_0005900,2025-06-11 09:56:05,NVDA,195.54,698,sell,NASDAQ
tx_0007604,2025-06-11 09:56:06,MCD,252.48,211,buy,NYSE
tx_0002887,2025-06-11 09:56:08,KO,54.15,436,buy,NYSE
tx_0009213,2025-06-11 09:56:08,WMT,139.59,956,buy,NYSE
tx_0008842,2025-06-11 09:56:09,PG,138.87,934,sell,NYSE
tx_0004716,2025-06-11 09:56:09,PEP,151.1,267,buy,NYSE
tx_0008589,2025-06-11 09:56:15,TSLA,682.77,476,buy,NASDAQ
tx_0001538,2025-06-11 09:56:17,MCD,254.69,356,sell,NYSE
tx_0002318,2025-06-11 09:56:17,MCD,256.02,978,sell,NYSE
tx_0004161,2025-06-11 09:56:23,AAPL,,727,buy,NASDAQ
tx_0004022,2025-06-11 09:56:24,KO,54.74,910,sell,NYSE
tx_0000215,2025-06-11 09:56:29,TSLA,681.05,373,sell,NASDAQ
tx_0001218,2025-06-11 09:56:29,AMZN,3477.64,463,buy,NASDAQ
tx_0007716,2025-06-11 09:56:31,ADBE,586.92,171,buy,NASDAQ
tx_0006426,2025-06-11 09:56:32,FB,336.62,223,sell,NASDAQ
tx_0002090,2025-06-11 09:56:33,DIS,181.78,206,sell,NYSE
tx_0007649,2025-06-11 09:56:34,BRK.B,267.53,546,sell,NYSE
tx_0002883,2025-06-11 09:56:36,MSFT,303.36,851,buy,NASDAQ
tx_0003069,2025-06-11 09:56:37,MSFT,298.8,448,sell,NASDAQ
tx_0006517,2025-06-11 09:56:40,BRK.B,268.53,487,buy,NYSE
tx_0002442,2025-06-11 09:56:41,AAPL,146.67,288,buy,NASDAQ
tx_0001705,2025-06-11 09:56:49,PG,140.23,523,buy,NYSE
tx_0000633,2025-06-11 09:56:50,MCD,257.68,549,sell,NYSE
tx_0004531,2025-06-11 09:56:50,ADBE,587.68,979,sell,NASDAQ
tx_0008350,2025-06-11 09:56:50,GOOGL,2818.95,675,buy,NASDAQ
tx_0003897,2025-06-11 09:56:51,ADBE,593.7,120,sell,NASDAQ
tx_0005162,2025-06-11 09:56:52,PG,140.73,361,sell,NYSE
tx_0002486,2025-06-11 09:56:53,JNJ,171.19,607,buy,NYSE
tx_0005940,2025-06-11 09:56:55,FB,331.44,870,sell,NASDAQ
tx_0009834,2025-06-11 09:56:59,PEP,150.57,251,sell,NYSE
tx_0003081,2025-06-11 09:56:59,WMT,139.66,709,buy,NYSE
tx_0009266,2025-06-11 09:57:01,PYPL,247.49,872,buy,NASDAQ
tx_0006242,2025-06-11 09:57:02,JNJ,172.38,416,buy,NYSE
tx_0002361,2025-06-11 09:57:03,ADBE,585.62,183,buy,NASDAQ
tx_0003996,2025-06-11 09:57:04,NVDA,194.36,898,buy,NASDAQ
tx_0008746,2025-06-11 09:57:09,PG,138.84,505,buy,NYSE
tx_0001658,2025-06-11 09:57:13,FB,335.5,527,buy,NASDAQ
tx_0005412,2025-06-11 09:57:13,JNJ,170.56,790,buy,NYSE
tx_0007331,2025-06-11 09:57:13,BRK.B,265.41,522,sell,NYSE
tx_0009378,2025-06-11 09:57:15,MA,345.94,742,sell,NYSE
tx_0007215,2025-06-11 09:57:16,KO,55.06,463,sell,NYSE
tx_0007424,2025-06-11 09:57:18,PG,139.46,419,sell,NYSE
tx_0009685,2025-06-11 09:57:23,V,,809,sell,NYSE
tx_0006996,2025-06-11 09:57:24,GOOGL,2802.65,691,sell,NASDAQ
tx_0004787,2025-06-11 09:57:27,NFLX,504.63,437,sell,NASDAQ
tx_0003203,2025-06-11 09:57:31,DIS,181.08,842,buy,NYSE
tx_0006428,2025-06-11 09:57:32,MSFT,300.64,559,sell,NASDAQ
tx_0001467,2025-06-11 09:57:32,MSFT,301.88,449,buy,NASDAQ
tx_0006656,2025-06-11 09:57:36,TSLA,690.91,465,buy,NASDAQ
tx_0005567,2025-06-11 09:57:40,MSFT,301.2,523,sell,NASDAQ
tx_0003799,2025-06-11 09:57:41,GOOGL,2812.23,788,sell,NASDAQ
tx_0007706,2025-06-11 09:57:42,PYPL,247.97,165,sell,NASDAQ
tx_0001892,2025-06-11 09:57:42,NVDA,196.61,271,sell,NASDAQ
tx_0009910,2025-06-11 09:57:42,GOOGL,2854.61,918,buy,NASDAQ
tx_0004353,2025-06-11 09:57:46,AMZN,3523.47,170,buy,NASDAQ
tx_0009459,2025-06-11 09:57:46,PG,138.41,457,sell,NYSE
tx_0005010,2025-06-11 09:57:54,MCD,253.94,945,sell,NYSE
tx_0006244,2025-06-11 09:57:55,PG,139.65,737,sell,NYSE
tx_0001272,2025-06-11 09:57:59,DIS,179.61,789,buy,NYSE
tx_0002964,2025-06-11 09:58:05,PG,137.88,812,sell,NYSE
tx_0005893,2025-06-11 09:58:05,MCD,252.11,511,buy,NYSE
tx_0008422,2025-06-11 09:58:06,ADBE,585.45,899,buy,NASDAQ
tx_0009990,2025-06-11 09:58:09,TSLA,692.44,439,buy,NASDAQ
tx_0001037,2025-06-11 09:58:15,FB,337.02,440,buy,NASDAQ
tx_0007564,2025-06-11 09:58:20,ADBE,594.13,940,buy,NASDAQ
tx_0008445,2025-06-11 09:58:24,GOOGL,2837.63,915,buy,NASDAQ
tx_0000297,2025-06-11 09:58:29,MSFT,302.75,318,buy,NASDAQ
tx_0000520,2025-06-11 09:58:37,TSLA,688.83,229,sell,NASDAQ
tx_0001284,2025-06-11 09:58:39,AAPL,146.51,354,sell,NASDAQ
tx_0006266,2025-06-11 09:58:44,AMZN,,942,sell,NASDAQ
tx_0009191,2025-06-11 09:58:45,AAPL,147.69,752,sell,NASDAQ
tx_0006008,2025-06-11 09:58:48,GOOGL,2810.53,799,sell,NASDAQ
tx_0003280,2025-06-11 09:58:54,FB,330.53,883,sell,NASDAQ
tx_0003360,2025-06-11 09:58:55,FB,330.33,876,buy,NASDAQ
tx_0004770,2025-06-11 09:58:57,PEP,151.97,906,buy,NYSE
tx_0001506,2025-06-11 09:58:57,MA,340.11,854,buy,NYSE
tx_0006052,2025-06-11 09:58:57,WMT,139.02,952,buy,NYSE
tx_0003117,2025-06-11 09:58:58,V,226.07,988,sell,NYSE
tx_0007119,2025-06-11 09:59:00,FB,332.04,817,buy,NASDAQ
tx_0002091,2025-06-11 09:59:03,GOOGL,2844.58,329,sell,NASDAQ
tx_0005494,2025-06-11 09:59:05,BRK.B,266.71,546,buy,NYSE
tx_0002514,2025-06-11 09:59:07,DIS,180.85,720,buy,
tx_0006584,2025-06-11 09:59:10,MA,342.19,881,sell,NYSE
tx_0005175,2025-06-11 09:59:13,ADBE,586.85,560,buy,NASDAQ
tx_0007043,2025-06-11 09:59:13,AMZN,3508.3,600,,NASDAQ
tx_0005319,2025-06-11 09:59:15,FB,334.38,518,buy,NASDAQ
tx_0003913,2025-06-11 09:59:15,BRK.B,265.16,341,buy,NYSE
tx_0009429,2025-06-11 09:59:26,AAPL,145.7,762,buy,NASDAQ
tx_0004095,2025-06-11 09:59:26,NFLX,509.26,767,buy,NASDAQ
tx_0001286,2025-06-11 09:59:26,V,225.42,797,sell,NYSE
tx_0006965,2025-06-11 09:59:27,NVDA,195.03,858,sell,NASDAQ
tx_0000471,2025-06-11 09:59:31,BRK.B,263.38,628,sell,NYSE
tx_0001385,2025-06-11 09:59:32,PYPL,247.19,908,sell,NASDAQ
tx_0000732,2025-06-11 09:59:32,V,228.61,936,buy,NYSE
tx_0005426,2025-06-11 09:59:33,MSFT,305.16,611,buy,NASDAQ
tx_0004341,2025-06-11 09:59:35,MSFT,299.85,958,buy,NASDAQ
tx_0009329,2025-06-11 09:59:36,MSFT,303.74,347,sell,NASDAQ
tx_0005317,2025-06-11 09:59:37,JNJ,171.21,965,sell,NYSE
tx_0005189,2025-06-11 09:59:40,MA,339.38,589,sell,NYSE
tx_0003682,2025-06-11 09:59:42,NFLX,500.74,989,sell,NASDAQ
tx_0003214,2025-06-11 09:59:42,BRK.B,267.28,515,sell,NYSE
tx_0008896,2025-06-11 09:59:44,TSLA,694.08,730,sell,NASDAQ
tx_0003125,2025-06-11 09:59:45,MCD,256.09,437,buy,NYSE
tx_0006181,2025-06-11 09:59:47,FB,330.75,556,buy,NASDAQ
tx_0003314,2025-06-11 09:59:48,FB,334.15,178,sell,NASDAQ
tx_0007086,2025-06-11 09:59:48,TSLA,691.18,901,sell,NASDAQ
tx_0001922,2025-06-11 09:59:48,AAPL,146.9,430,buy,NASDAQ
tx_0007183,2025-06-11 09:59:49,NFLX,506.09,250,sell,NASDAQ
tx_0002264,2025-06-11 09:59:49,WMT,138.5,827,buy,NYSE
tx_0000472,2025-06-11 09:59:51,GOOGL,2859.12,323,sell,NASDAQ
tx_0009408,2025-06-11 09:59:55,NVDA,196.12,298,buy,NASDAQ
tx_0007130,2025-06-11 09:59:56,MA,339.33,975,buy,NYSE
tx_0005712,2025-06-11 10:00:01,MSFT,303.78,929,sell,NASDAQ
tx_0000483,2025-06-11 10:00:02,PEP,150.65,646,buy,NYSE
tx_0001769,2025-06-11 10:00:02,AAPL,147.25,338,sell,NASDAQ
tx_0008249,2025-06-11 10:00:02,JNJ,170.36,394,sell,NYSE
tx_0004776,2025-06-11 10:00:08,TSLA,694.57,153,sell,NASDAQ
tx_0004069,2025-06-11 10:00:10,V,229.04,327,buy,NYSE
tx_0004470,2025-06-11 10:00:14,JNJ,171.3,212,sell,NYSE
tx_0009963,2025-06-11 10:00:18,DIS,182.49,456,buy,NYSE
tx_0004835,2025-06-11 10:00:25,MSFT,304.35,396,sell,NASDAQ
tx_0003193,2025-06-11 10:00:26,WMT,139.34,932,buy,NYSE
tx_0003387,2025-06-11 10:00:30,PG,139.76,480,sell,NYSE
tx_0007024,2025-06-11 10:00:33,TSLA,700.7,591,buy,NASDAQ
tx_0004590,2025-06-11 10:00:39,NFLX,508.19,875,buy,NASDAQ
tx_0002075,2025-06-11 10:00:48,MA,339.67,452,buy,NYSE
tx_0004299,2025-06-11 10:00:48,NVDA,193.75,275,buy,NASDAQ
tx_0007569,2025-06-11 10:00:50,ADBE,593.21,181,sell,NASDAQ
tx_0007267,2025-06-11 10:00:57,TSLA,699.84,283,sell,NASDAQ
tx_0005552,2025-06-11 10:00:59,KO,54.16,656,sell,NYSE
tx_0009672,2025-06-11 10:00:59,PEP,150.42,250,sell,NYSE
tx_0000859,2025-06-11 10:00:59,AAPL,147.43,104,buy,NASDAQ
tx_0000140,2025-06-11 10:01:00,DIS,180.13,274,buy,NYSE
tx_0000674,2025-06-11 10:01:27,PEP,150.45,729,buy,NYSE
tx_0002859,2025-06-11 10:01:27,MCD,251.73,780,buy,
tx_0002892,2025-06-11 10:01:28,MSFT,304.12,566,buy,NASDAQ
tx_0008163,2025-06-11 10:01:28,PEP,152.08,379,buy,NYSE
tx_0000093,2025-06-11 10:01:30,BRK.B,264.29,201,buy,NYSE
tx_0006350,2025-06-11 10:01:31,AMZN,3471.06,896,buy,NASDAQ
tx_0005259,2025-06-11 10:01:34,V,227.69,578,sell,NYSE
tx_0007782,2025-06-11 10:01:34,ADBE,591.06,365,sell,NASDAQ
tx_0005126,2025-06-11 10:01:36,MCD,251.8,565,sell,NYSE
tx_0000724,2025-06-11 10:01:40,KO,54.69,298,sell,NYSE
tx_0009064,2025-06-11 10:01:51,MSFT,301.97,725,buy,NASDAQ
tx_0000862,2025-06-11 10:01:59,DIS,180.68,154,buy,NYSE
tx_0004593,2025-06-11 10:02:04,BRK.B,263.13,742,buy,NYSE
tx_0006565,2025-06-11 10:02:04,AAPL,146.88,616,sell,NASDAQ
tx_0003021,2025-06-11 10:02:06,MSFT,304.66,251,sell,NASDAQ
tx_0007657,2025-06-11 10:02:07,MCD,251.85,640,buy,NYSE
tx_0002801,2025-06-11 10:02:08,BRK.B,266.73,348,sell,NYSE
tx_0002542,2025-06-11 10:02:09,NFLX,509.23,997,buy,NASDAQ
tx_0009403,2025-06-11 10:02:17,TSLA,704.59,116,buy,NASDAQ
tx_0001911,2025-06-11 10:02:20,KO,53.99,131,sell,NYSE
tx_0005947,2025-06-11 10:02:22,V,228.76,276,buy,NYSE
tx_0007655,2025-06-11 10:02:23,V,229.94,990,sell,NYSE
tx_0008288,2025-06-11 10:02:24,NFLX,510.14,827,buy,NASDAQ
tx_0006254,2025-06-11 10:02:25,PYPL,247.04,474,sell,NASDAQ
tx_0001295,2025-06-11 10:02:27,GOOGL,2830.47,376,sell,NASDAQ
tx_0002610,2025-06-11 10:02:27,FB,334.49,101,buy,NASDAQ
tx_0001618,2025-06-11 10:02:29,FB,331.47,996,sell,NASDAQ
tx_0005981,2025-06-11 10:02:29,PEP,152.2,489,buy,
tx_0005341,2025-06-11 10:02:30,V,229.26,255,,NYSE
tx_0001329,2025-06-11 10:02:33,GOOGL,2835.47,616,sell,NASDAQ
tx_0009005,2025-06-11 10:02:34,FB,328.99,407,sell,NASDAQ
tx_0005771,2025-06-11 10:02:36,TSLA,,739,sell,NASDAQ
tx_0006195,2025-06-11 10:02:37,FB,334.62,228,sell,NASDAQ
tx_0007870,2025-06-11 10:02:39,MCD,252.37,742,buy,NYSE
tx_0005992,2025-06-11 10:02:40,JNJ,169.69,704,buy,NYSE
tx_0002766,2025-06-11 10:02:44,MCD,255.58,402,sell,NYSE
tx_0005214,2025-06-11 10:02:45,ADBE,589.1,437,sell,NASDAQ
tx_0003354,2025-06-11 10:02:47,WMT,139.61,268,buy,NYSE
tx_0000341,2025-06-11 10:02:48,MCD,252.5,826,sell,NYSE
tx_0001412,2025-06-11 10:02:49,NFLX,506.51,610,buy,NASDAQ
tx_0009154,2025-06-11 10:02:52,AMZN,3498.09,165,sell,NASDAQ
tx_0009545,2025-06-11 10:02:52,AMZN,3472.58,527,sell,NASDAQ
tx_0000912,2025-06-11 10:02:52,FB,330.33,859,buy,NASDAQ
tx_0000001,2025-06-11 10:02:54,DIS,180.61,970,sell,NYSE
tx_0000637,2025-06-11 10:02:54,AMZN,3489.57,130,sell,NASDAQ
tx_0001609,2025-06-11 10:02:55,DIS,182.69,677,buy,NYSE
tx_0005022,2025-06-11 10:03:01,TSLA,693.57,806,sell,NASDAQ
tx_0002414,2025-06-11 10:03:09,NVDA,195.06,128,buy,NASDAQ
tx_0002647,2025-06-11 10:03:10,JNJ,169.06,594,sell,NYSE
tx_0002446,2025-06-11 10:03:11,AAPL,145.33,146,sell,NASDAQ
tx_0004824,2025-06-11 10:03:12,TSLA,699.71,810,buy,NASDAQ
tx_0003190,2025-06-11 10:03:13,PG,140.36,210,sell,NYSE
tx_0006602,2025-06-11 10:03:17,MA,343.75,862,sell,NYSE
tx_0003956,2025-06-11 10:03:19,WMT,140.06,404,buy,NYSE
tx_0006388,2025-06-11 10:03:20,FB,328.54,183,sell,NASDAQ
tx_0003867,2025-06-11 10:03:23,ADBE,593.29,251,buy,NASDAQ
tx_0005438,2025-06-11 10:03:30,WMT,140.58,811,sell,NYSE
tx_0000718,2025-06-11 10:03:30,TSLA,699.82,751,buy,NASDAQ
tx_0008384,2025-06-11 10:03:36,NVDA,195.63,421,buy,NASDAQ
tx_0008210,2025-06-11 10:03:36,AMZN,3496.49,898,buy,NASDAQ
tx_0001873,2025-06-11 10:03:39,NVDA,192.09,918,buy,NASDAQ
tx_0008698,2025-06-11 10:03:43,PEP,152.35,796,sell,NYSE
tx_0008342,2025-06-11 10:03:43,FB,328.16,121,sell,NASDAQ
tx_0009716,2025-06-11 10:03:45,PEP,151.63,487,sell,NYSE
tx_0004075,2025-06-11 10:03:46,JNJ,169.01,674,buy,NYSE
tx_0006316,2025-06-11 10:03:47,BRK.B,263.62,272,,NYSE
tx_0007875,2025-06-11 10:04:00,AMZN,3495.87,169,buy,NASDAQ
tx_0001518,2025-06-11 10:04:01,WMT,140.09,927,buy,NYSE
tx_0004384,2025-06-11 10:04:01,PEP,151.94,489,buy,NYSE
tx_0003071,2025-06-11 10:04:03,MCD,253.4,861,buy,NYSE
tx_0008742,2025-06-11 10:04:03,MSFT,306.53,811,sell,NASDAQ
tx_0000401,2025-06-11 10:04:05,ADBE,591.01,458,sell,NASDAQ
tx_0006331,2025-06-11 10:04:07,V,228.44,874,buy,NYSE
tx_0007848,2025-06-11 10:04:08,MCD,252.89,637,buy,NYSE
tx_0007877,2025-06-11 10:04:09,NFLX,506.75,350,sell,NASDAQ
tx_0003481,2025-06-11 10:04:11,TSLA,700.03,820,sell,NASDAQ
tx_0008591,2025-06-11 10:04:12,FB,330.45,311,buy,NASDAQ
tx_0003754,2025-06-11 10:04:20,AAPL,144.61,871,sell,NASDAQ
tx_0003451,2025-06-11 10:04:26,JNJ,170.11,515,buy,NYSE
tx_0003285,2025-06-11 10:04:30,NFLX,506.71,996,sell,NASDAQ
tx_0004289,2025-06-11 10:04:31,PYPL,248.08,896,sell,NASDAQ
tx_0005735,2025-06-11 10:04:31,V,228.07,491,sell,NYSE
tx_0006748,2025-06-11 10:04:33,MCD,251.28,348,buy,
tx_0005258,2025-06-11 10:04:41,FB,328.08,901,buy,NASDAQ
tx_0002640,2025-06-11 10:04:43,V,229.71,508,buy,NYSE
tx_0009532,2025-06-11 10:04:44,PG,138.3,637,sell,NYSE
tx_0000741,2025-06-11 10:04:44,TSLA,690.63,612,buy,NASDAQ
tx_0003835,2025-06-11 10:04:47,ADBE,590.05,441,buy,NASDAQ
tx_0002690,2025-06-11 10:04:50,JNJ,168.09,244,buy,NYSE
tx_0008032,2025-06-11 10:04:50,KO,55.1,418,buy,NYSE
tx_0005124,2025-06-11 10:04:53,MA,341.19,567,sell,NYSE
tx_0006648,2025-06-11 10:04:56,KO,54.65,534,buy,NYSE
tx_0006382,2025-06-11 10:04:58,MSFT,308.28,962,sell,NASDAQ
tx_0001302,2025-06-11 10:05:02,WMT,138.47,102,sell,NYSE
tx_0005696,2025-06-11 10:05:06,MCD,253.12,892,buy,NYSE
tx_0006715,2025-06-11 10:05:08,NVDA,193.39,291,buy,NASDAQ
tx_0003175,2025-06-11 10:05:13,GOOGL,2811.44,311,buy,NASDAQ
tx_0002827,2025-06-11 10:05:17,NVDA,194.1,929,buy,NASDAQ
tx_0006194,2025-06-11 10:05:20,KO,54.72,180,sell,NYSE
tx_0007734,2025-06-11 10:05:20,AAPL,146.78,821,sell,NASDAQ
tx_0006564,2025-06-11 10:05:20,MSFT,307.96,771,sell,NASDAQ
tx_0007952,2025-06-11 10:05:22,GOOGL,2813.89,782,buy,NASDAQ
tx_0003789,2025-06-11 10:05:24,WMT,139.6,502,buy,NYSE
tx_0002960,2025-06-11 10:05:25,FB,331.49,928,sell,NASDAQ
tx_0001211,2025-06-11 10:05:26,MCD,252.78,220,buy,NYSE
tx_0002001,2025-06-11 10:05:26,NVDA,193.88,647,buy,NASDAQ
tx_0007018,2025-06-11 10:05:27,FB,330.02,450,buy,NASDAQ
tx_0006488,2025-06-11 10:05:29,KO,55.12,915,sell,NYSE
tx_0009228,2025-06-11 10:05:32,PYPL,247.22,949,sell,NASDAQ
tx_0001526,2025-06-11 10:05:34,MSFT,306.47,748,buy,NASDAQ
tx_0008322,2025-06-11 10:05:40,BRK.B,266.53,810,buy,NYSE
tx_0007658,2025-06-11 10:05:40,AAPL,146.52,436,buy,NASDAQ
tx_0005983,2025-06-11 10:05:42,NVDA,192.16,386,buy,NASDAQ
tx_0001619,2025-06-11 10:05:52,TSLA,693.34,732,buy,NASDAQ
tx_0008960,2025-06-11 10:06:00,TSLA,691.03,594,buy,NASDAQ
tx_0004582,2025-06-11 10:06:09,GOOGL,2869.34,718,sell,NASDAQ
tx_0003611,2025-06-11 10:06:10,WMT,141.15,544,sell,NYSE
tx_0007548,2025-06-11 10:06:13,ADBE,594.99,212,sell,NASDAQ
tx_0000614,2025-06-11 10:06:15,NFLX,509.27,877,buy,NASDAQ
tx_0001112,2025-06-11 10:06:16,V,227.98,110,buy,NYSE
tx_0007889,2025-06-11 10:06:22,MSFT,304.54,317,buy,NASDAQ
tx_0007575,2025-06-11 10:06:23,V,232.25,595,buy,NYSE
tx_0008796,2025-06-11 10:06:26,PYPL,246.55,527,buy,NASDAQ
tx_0000345,2025-06-11 10:06:26,TSLA,691.97,268,sell,NASDAQ
tx_0007346,2025-06-11 10:06:28,WMT,140.26,650,sell,NYSE
tx_0005542,2025-06-11 10:06:32,DIS,183.29,136,sell,NYSE
tx_0005793,2025-06-11 10:06:39,PEP,150.2,958,buy,NYSE
tx_0002617,2025-06-11 10:06:39,AAPL,146.58,701,sell,NASDAQ
tx_0002497,2025-06-11 10:06:45,JNJ,168.69,610,sell,NYSE
tx_0007846,2025-06-11 10:06:50,PEP,150.09,903,buy,NYSE
tx_0007720,2025-06-11 10:06:52,KO,55.1,466,sell,NYSE
tx_0004602,2025-06-11 10:06:53,FB,325.11,114,sell,NASDAQ
tx_0002236,2025-06-11 10:06:53,TSLA,690.27,903,sell,NASDAQ
tx_0002023,2025-06-11 10:07:03,PG,139.43,996,sell,NYSE
tx_0007316,2025-06-11 10:07:03,NFLX,504.05,483,buy,NASDAQ
tx_0005885,2025-06-11 10:07:04,NFLX,509.57,706,sell,NASDAQ
tx_0005529,2025-06-11 10:07:06,MA,345.15,673,buy,NYSE
tx_0004767,2025-06-11 10:07:06,MCD,248.41,669,sell,NYSE
tx_0002026,2025-06-11 10:07:09,NVDA,193.07,214,buy,NASDAQ
tx_0009173,2025-06-11 10:07:12,PG,139.69,653,sell,NYSE
tx_0008365,2025-06-11 10:07:26,KO,54.39,349,sell,NYSE
tx_0002170,2025-06-11 10:07:26,MA,343.96,211,sell,NYSE
tx_0003182,2025-06-11 10:07:29,JNJ,,280,buy,NYSE
tx_0001342,2025-06-11 10:07:29,NFLX,502.02,752,sell,NASDAQ
tx_0004744,2025-06-11 10:07:30,AMZN,3497.99,850,buy,NASDAQ
tx_0004998,2025-06-11 10:07:33,KO,55.47,223,buy,NYSE
tx_0001127,2025-06-11 10:07:35,JNJ,171.4,710,sell,NYSE
tx_0006927,2025-06-11 10:07:37,PG,138.38,434,sell,NYSE
tx_0005253,2025-06-11 10:07:39,ADBE,597.02,840,sell,NASDAQ
tx_0008307,2025-06-11 10:07:40,BRK.B,267.82,855,buy,NYSE
tx_0003592,2025-06-11 10:07:43,MCD,249.49,517,sell,NYSE
tx_0005912,2025-06-11 10:07:48,GOOGL,2847.8,193,buy,NASDAQ
tx_0008867,2025-06-11 10:07:50,NFLX,505.64,731,sell,NASDAQ
tx_0002748,2025-06-11 10:07:52,FB,331.49,880,buy,NASDAQ
tx_0008106,2025-06-11 10:07:53,ADBE,587.77,699,buy,NASDAQ
tx_0000791,2025-06-11 10:07:54,NVDA,194.19,860,buy,NASDAQ
tx_0000248,2025-06-11 10:07:55,PYPL,250.2,732,sell,NASDAQ
tx_0004725,2025-06-11 10:07:58,PYPL,246.76,541,sell,NASDAQ
tx_0003976,2025-06-11 10:07:59,V,229.49,828,buy,NYSE
tx_0001346,2025-06-11 10:08:01,AAPL,147.4,917,sell,NASDAQ
tx_0009472,2025-06-11 10:08:02,AMZN,3532.75,687,buy,NASDAQ
tx_0003804,2025-06-11 10:08:03,JNJ,170.89,838,buy,NYSE
tx_0003362,2025-06-11 10:08:04,FB,327.47,913,buy,NASDAQ
tx_0003499,2025-06-11 10:08:05,PEP,151.85,816,buy,NYSE
tx_0007005,2025-06-11 10:08:13,DIS,181.28,976,sell,NYSE
tx_0000940,2025-06-11 10:08:17,MSFT,302.22,574,buy,NASDAQ
tx_0001140,2025-06-11 10:08:19,KO,54.67,728,buy,NYSE
tx_0000249,2025-06-11 10:08:21,GOOGL,2847.79,615,buy,NASDAQ
tx_0002558,2025-06-11 10:08:26,PG,138.32,220,sell,NYSE
tx_0005059,2025-06-11 10:08:27,NVDA,194.71,720,buy,NASDAQ
tx_0008240,2025-06-11 10:08:30,PYPL,246.5,101,sell,NASDAQ
tx_0006442,2025-06-11 10:08:32,DIS,180.25,702,sell,NYSE
tx_0005774,2025-06-11 10:08:36,PEP,153.16,727,buy,NYSE
tx_0001267,2025-06-11 10:08:36,FB,332.64,985,sell,NASDAQ
tx_0001115,2025-06-11 10:08:37,MCD,251.2,300,sell,NYSE
tx_0001424,2025-06-11 10:08:38,NVDA,194.01,790,buy,NASDAQ
tx_0004583,2025-06-11 10:08:49,WMT,138.73,677,buy,NYSE
tx_0004784,2025-06-11 10:08:51,JNJ,171.12,188,buy,NYSE
tx_0007027,2025-06-11 10:08:51,NFLX,503.66,584,buy,NASDAQ
tx_0005666,2025-06-11 10:08:52,JNJ,169.21,936,sell,NYSE
tx_0007938,2025-06-11 10:08:52,DIS,181.76,999,buy,NYSE
tx_0002608,2025-06-11 10:08:55,MSFT,303.98,825,buy,NASDAQ
tx_0003005,2025-06-11 10:09:00,GOOGL,2836.95,406,buy,NASDAQ
tx_0006241,2025-06-11 10:09:02,GOOGL,2862.04,339,sell,NASDAQ
tx_0001117,2025-06-11 10:09:05,PG,139.63,893,buy,NYSE
tx_0009883,2025-06-11 10:09:06,MCD,251.19,869,buy,NYSE
tx_0006211,2025-06-11 10:09:08,WMT,138.54,926,buy,NYSE
tx_0002809,2025-06-11 10:09:11,MSFT,305.71,756,sell,NASDAQ
tx_0005411,2025-06-11 10:09:13,FB,331.32,371,buy,NASDAQ
tx_0001282,2025-06-11 10:09:14,PYPL,248.64,109,buy,NASDAQ
tx_0006145,2025-06-11 10:09:15,KO,55.5,159,sell,NYSE
tx_0006759,2025-06-11 10:09:16,PEP,151.63,704,buy,
tx_0008853,2025-06-11 10:09:25,AAPL,145.98,246,buy,NASDAQ
tx_0007666,2025-06-11 10:09:29,BRK.B,264.01,262,buy,NYSE
tx_0005140,2025-06-11 10:09:30,V,232.58,642,buy,NYSE
tx_0001885,2025-06-11 10:09:31,FB,331.76,856,sell,NASDAQ
tx_0004009,2025-06-11 10:09:36,NFLX,499.99,908,buy,NASDAQ
tx_0005209,2025-06-11 10:09:39,AMZN,3536.07,602,buy,NASDAQ
tx_0000155,2025-06-11 10:09:41,V,232.6,148,sell,NYSE
tx_0002382,2025-06-11 10:09:42,PEP,153.92,249,buy,NYSE
tx_0007912,2025-06-11 10:09:46,KO,55.49,334,sell,NYSE
tx_0008788,2025-06-11 10:09:47,PG,138.36,863,buy,NYSE
tx_0003503,2025-06-11 10:09:48,JNJ,169.43,560,buy,NYSE
tx_0009346,2025-06-11 10:09:48,V,230.82,558,sell,NYSE
tx_0001932,2025-06-11 10:09:51,MSFT,303.9,340,sell,NASDAQ
tx_0005263,2025-06-11 10:09:55,NVDA,192.64,787,sell,NASDAQ
tx_0005110,2025-06-11 10:09:57,BRK.B,265.22,316,sell,NYSE
tx_0005138,2025-06-11 10:09:59,PG,139.77,408,buy,NYSE
tx_0008828,2025-06-11 10:10:08,PEP,153.14,389,buy,NYSE
tx_0003899,2025-06-11 10:10:10,V,228.8,566,buy,NYSE
tx_0004736,2025-06-11 10:10:14,PYPL,247.71,647,sell,NASDAQ
tx_0006227,2025-06-11 10:10:17,PG,139.15,766,sell,NYSE
tx_0009014,2025-06-11 10:10:22,NVDA,195.04,404,sell,NASDAQ
tx_0009673,2025-06-11 10:10:27,FB,335.1,557,sell,NASDAQ
tx_0000087,2025-06-11 10:10:29,ADBE,595.35,543,buy,NASDAQ
tx_0007010,2025-06-11 10:10:30,AAPL,147.05,841,sell,NASDAQ
tx_0002849,2025-06-11 10:10:31,BRK.B,266.64,117,buy,NYSE
tx_0003678,2025-06-11 10:10:31,MSFT,302.39,970,buy,NASDAQ
tx_0009887,2025-06-11 10:10:37,TSLA,689.43,509,sell,NASDAQ
tx_0000742,2025-06-11 10:10:39,PEP,153.45,654,sell,NYSE
tx_0001550,2025-06-11 10:10:41,NFLX,509.19,283,sell,NASDAQ
tx_0008160,2025-06-11 10:10:44,AAPL,,365,sell,NASDAQ
tx_0007635,2025-06-11 10:10:46,AMZN,3506.16,248,sell,NASDAQ
tx_0006884,2025-06-11 10:10:47,V,231.06,795,sell,NYSE
tx_0005344,2025-06-11 10:10:50,KO,55.32,609,buy,NYSE
tx_0001915,2025-06-11 10:11:00,PG,138.68,181,buy,NYSE
tx_0001441,2025-06-11 10:11:04,MSFT,304.68,745,sell,NASDAQ
tx_0007210,2025-06-11 10:11:10,FB,330.74,560,sell,NASDAQ
tx_0009739,2025-06-11 10:11:14,AAPL,145.34,863,sell,NASDAQ
tx_0007282,2025-06-11 10:11:17,ADBE,588.06,117,sell,NASDAQ
tx_0005846,2025-06-11 10:11:19,AMZN,3525.87,305,buy,NASDAQ
tx_0001285,2025-06-11 10:11:24,MSFT,304.11,243,buy,NASDAQ
tx_0001960,2025-06-11 10:11:27,AMZN,3536.12,971,sell,NASDAQ
tx_0006099,2025-06-11 10:11:27,PEP,153.88,912,sell,NYSE
tx_0001019,2025-06-11 10:11:31,GOOGL,2851.46,795,sell,NASDAQ
tx_0008769,2025-06-11 10:11:34,MSFT,301.88,279,sell,NASDAQ
tx_0000947,2025-06-11 10:11:34,V,232.72,254,buy,NYSE
tx_0006475,2025-06-11 10:11:37,MSFT,302.25,528,buy,NASDAQ
tx_0005743,2025-06-11 10:11:40,WMT,139.44,663,sell,NYSE
tx_0005148,2025-06-11 10:11:40,MSFT,303.75,716,buy,NASDAQ
tx_0008933,2025-06-11 10:11:42,JNJ,168.2,671,sell,NYSE
tx_0008899,2025-06-11 10:11:45,BRK.B,261.97,990,sell,NYSE
tx_0003518,2025-06-11 10:11:45,NVDA,192.95,733,sell,NASDAQ
tx_0002219,2025-06-11 10:11:46,AAPL,144.67,481,buy,NASDAQ
tx_0004254,2025-06-11 10:11:50,PG,138.57,718,buy,NYSE
tx_0006666,2025-06-11 10:11:55,NVDA,193.05,590,sell,NASDAQ
tx_0004847,2025-06-11 10:11:58,AMZN,3474.85,799,sell,NASDAQ
tx_0004349,2025-06-11 10:12:00,DIS,183.66,387,sell,NYSE
tx_0008713,2025-06-11 10:12:03,DIS,181.28,567,buy,NYSE
tx_0002760,2025-06-11 10:12:07,GOOGL,2818.5,242,sell,NASDAQ
tx_0006906,2025-06-11 10:12:08,DIS,181.8,642,sell,NYSE
tx_0000921,2025-06-11 10:12:10,GOOGL,2834.35,952,sell,NASDAQ
tx_0000528,2025-06-11 10:12:17,BRK.B,266.05,636,buy,NYSE
tx_0009482,2025-06-11 10:12:22,WMT,139.64,890,sell,NYSE
tx_0001149,2025-06-11 10:12:24,GOOGL,2864.15,202,buy,NASDAQ
tx_0004957,2025-06-11 10:12:24,JNJ,167.91,115,buy,NYSE
tx_0002580,2025-06-11 10:12:27,BRK.B,264.17,606,sell,NYSE
tx_0004570,2025-06-11 10:12:29,JNJ,167.75,431,buy,NYSE
tx_0003666,2025-06-11 10:12:35,MA,345.33,581,buy,NYSE
tx_0002307,2025-06-11 10:12:37,MSFT,301.71,815,sell,NASDAQ
tx_0006684,2025-06-11 10:12:37,KO,54.33,254,sell,NYSE
tx_0009383,2025-06-11 10:12:40,MSFT,302.86,529,buy,NASDAQ
tx_0002463,2025-06-11 10:12:42,ADBE,584.85,772,buy,NASDAQ
tx_0007855,2025-06-11 10:12:52,AMZN,3477.73,148,buy,NASDAQ
tx_0001193,2025-06-11 10:12:53,V,231.57,297,buy,NYSE
tx_0009054,2025-06-11 10:12:58,V,230.88,659,buy,NYSE
tx_0009755,2025-06-11 10:13:00,WMT,140.22,154,buy,NYSE
tx_0001685,2025-06-11 10:13:00,NVDA,192.73,627,buy,NASDAQ
tx_0008503,2025-06-11 10:13:02,MA,343.33,614,sell,NYSE
tx_0008743,2025-06-11 10:13:06,ADBE,584.72,440,buy,NASDAQ
tx_0005173,2025-06-11 10:13:08,MSFT,303.8,249,sell,NASDAQ
tx_0002646,2025-06-11 10:13:08,MSFT,300.5,310,sell,NASDAQ
tx_0003243,2025-06-11 10:13:10,PG,138.92,345,sell,NYSE
tx_0003250,2025-06-11 10:13:10,AMZN,3519.91,965,buy,NASDAQ
tx_0004606,2025-06-11 10:13:14,DIS,183.42,654,sell,NYSE
tx_0008146,2025-06-11 10:13:18,WMT,140.46,661,sell,NYSE
tx_0003964,2025-06-11 10:13:20,PYPL,244.93,680,buy,NASDAQ
tx_0009698,2025-06-11 10:13:22,MSFT,304.77,803,sell,NASDAQ
tx_0009091,2025-06-11 10:13:25,PYPL,245.41,759,sell,NASDAQ
tx_0007042,2025-06-11 10:13:31,V,232.16,673,sell,NYSE
tx_0009038,2025-06-11 10:13:32,PEP,153.7,339,buy,NYSE
tx_0008678,2025-06-11 10:13:40,WMT,139.78,220,buy,NYSE
tx_0003709,2025-06-11 10:13:42,WMT,137.83,645,buy,NYSE
tx_0005652,2025-06-11 10:13:43,DIS,183.79,508,sell,NYSE
tx_0002915,2025-06-11 10:13:43,DIS,182.05,633,buy,NYSE
tx_0002069,2025-06-11 10:13:47,MA,344.56,343,sell,NYSE
tx_0007349,2025-06-11 10:13:48,MSFT,301.15,300,sell,NASDAQ
tx_0007710,2025-06-11 10:13:52,DIS,181.96,176,sell,NYSE
tx_0004689,2025-06-11 10:13:56,TSLA,678.19,788,sell,NASDAQ
tx_0009495,2025-06-11 10:13:56,PG,138.67,417,buy,NYSE
tx_0008644,2025-06-11 10:14:02,AMZN,3491.01,321,buy,NASDAQ
tx_0000444,2025-06-11 10:14:03,MSFT,299.82,371,sell,NASDAQ
tx_0005182,2025-06-11 10:14:03,GOOGL,2818.56,979,buy,NASDAQ
tx_0008728,2025-06-11 10:14:04,AAPL,146.85,764,buy,NASDAQ
tx_0002668,2025-06-11 10:14:06,ADBE,585.13,324,sell,NASDAQ
tx_0000798,2025-06-11 10:14:08,JNJ,169.7,525,buy,NYSE
tx_0001533,2025-06-11 10:14:12,KO,55.12,369,sell,NYSE
tx_0008205,2025-06-11 10:14:15,MSFT,299.89,425,buy,NASDAQ
tx_0006995,2025-06-11 10:14:16,DIS,183.06,931,buy,NYSE
tx_0003403,2025-06-11 10:14:16,WMT,140.02,323,sell,NYSE
tx_0007283,2025-06-11 10:14:18,V,231.71,120,sell,NYSE
tx_0004993,2025-06-11 10:14:19,V,229.25,600,buy,NYSE
tx_0008909,2025-06-11 10:14:20,PG,137.22,814,buy,NYSE
tx_0002812,2025-06-11 10:14:21,WMT,137.94,271,buy,NYSE
tx_0002519,2025-06-11 10:14:25,JNJ,170.03,126,buy,NYSE
tx_0001032,2025-06-11 10:14:30,PG,139.06,499,buy,NYSE
tx_0005899,2025-06-11 10:14:37,PEP,153.88,950,sell,NYSE
tx_0007327,2025-06-11 10:14:42,AMZN,3503.56,661,sell,NASDAQ
tx_0009648,2025-06-11 10:14:45,WMT,138.03,376,buy,NYSE
tx_0006155,2025-06-11 10:14:49,PEP,152.87,462,buy,NYSE
tx_0006974,2025-06-11 10:14:50,MSFT,303.49,881,sell,NASDAQ
tx_0004556,2025-06-11 10:14:51,AAPL,145.91,303,sell,NASDAQ
tx_0006805,2025-06-11 10:14:52,KO,54.24,917,buy,NYSE
tx_0003721,2025-06-11 10:14:54,PEP,153.83,620,buy,NYSE
tx_0005710,2025-06-11 10:14:57,NVDA,195.44,893,sell,NASDAQ
tx_0009930,2025-06-11 10:14:59,MCD,249.43,299,buy,NYSE
tx_0006699,2025-06-11 10:15:00,WMT,138.65,218,buy,NYSE
tx_0009865,2025-06-11 10:15:02,NVDA,193.94,125,sell,NASDAQ
tx_0006149,2025-06-11 10:15:04,FB,332.28,476,buy,NASDAQ
tx_0009421,2025-06-11 10:15:05,WMT,137.98,674,sell,NYSE
tx_0008062,2025-06-11 10:15:05,NFLX,505.83,210,sell,NASDAQ
tx_0007200,2025-06-11 10:15:06,AMZN,3513.59,431,buy,NASDAQ
tx_0009129,2025-06-11 10:15:10,MSFT,299.67,994,sell,NASDAQ
tx_0004124,2025-06-11 10:15:12,V,233.02,853,sell,NYSE
tx_0005131,2025-06-11 10:15:13,JNJ,169.97,336,sell,NYSE
tx_0007689,2025-06-11 10:15:14,GOOGL,2846.02,167,buy,NASDAQ
tx_0002498,2025-06-11 10:15:15,PEP,154.71,146,,NYSE
tx_0007197,2025-06-11 10:15:16,FB,329.58,185,sell,NASDAQ
tx_0006523,2025-06-11 10:15:17,MA,341.1,990,buy,NYSE
tx_0005424,2025-06-11 10:15:18,AAPL,148.3,644,buy,NASDAQ
tx_0007286,2025-06-11 10:15:22,ADBE,591.56,837,buy,NASDAQ
tx_0007022,2025-06-11 10:15:24,TSLA,675.85,652,sell,NASDAQ
tx_0005700,2025-06-11 10:15:29,TSLA,680.04,537,sell,NASDAQ
tx_0001367,2025-06-11 10:15:31,KO,54.77,474,sell,NYSE
tx_0006333,2025-06-11 10:15:31,BRK.B,266.29,394,buy,NYSE
tx_0004191,2025-06-11 10:15:34,WMT,138.6,137,sell,NYSE
tx_0009145,2025-06-11 10:15:34,BRK.B,264.48,288,buy,NYSE
tx_0001322,2025-06-11 10:15:35,PYPL,248.59,349,buy,NASDAQ
tx_0000244,2025-06-11 10:15:39,PG,138.46,104,buy,NYSE
tx_0000903,2025-06-11 10:15:48,AAPL,146.67,676,sell,NASDAQ
tx_0008385,2025-06-11 10:15:49,PEP,155.06,121,sell,NYSE
tx_0005778,2025-06-11 10:15:50,WMT,137.5,171,sell,NYSE
tx_0003380,2025-06-11 10:15:52,MA,345.42,471,buy,NYSE
tx_0009010,2025-06-11 10:15:57,KO,54.15,784,sell,NYSE
tx_0002911,2025-06-11 10:16:03,JNJ,170.05,684,sell,NYSE
tx_0002109,2025-06-11 10:16:05,AAPL,147.46,450,sell,NASDAQ
tx_0005076,2025-06-11 10:16:08,PG,140.86,871,buy,NYSE
tx_0007474,2025-06-11 10:16:09,PG,140.04,472,buy,NYSE
tx_0000423,2025-06-11 10:16:09,KO,54.45,656,buy,NYSE
tx_0003402,2025-06-11 10:16:10,NVDA,194.35,223,buy,NASDAQ
tx_0006928,2025-06-11 10:16:11,TSLA,680.76,487,buy,NASDAQ
tx_0007344,2025-06-11 10:16:17,PG,139.79,437,sell,NYSE
tx_0001159,2025-06-11 10:16:19,BRK.B,266.3,304,buy,NYSE
tx_0005337,2025-06-11 10:16:23,NVDA,194.41,471,buy,NASDAQ
tx_0006519,2025-06-11 10:16:24,ADBE,593.07,270,sell,NASDAQ
tx_0009070,2025-06-11 10:16:32,ADBE,597.83,296,buy,NASDAQ
tx_0008083,2025-06-11 10:16:32,FB,335.29,650,buy,NASDAQ
tx_0001955,2025-06-11 10:16:34,PYPL,250.32,847,sell,NASDAQ
tx_0000204,2025-06-11 10:16:36,PEP,154.52,319,sell,NYSE
tx_0005765,2025-06-11 10:16:36,PG,141.01,941,buy,NYSE
tx_0004758,2025-06-11 10:16:41,NFLX,502.72,544,buy,NASDAQ
tx_0002597,2025-06-11 10:16:47,WMT,138.53,515,buy,NYSE
tx_0004622,2025-06-11 10:16:51,FB,334.31,851,sell,NASDAQ
tx_0001978,2025-06-11 10:16:57,AAPL,146.87,345,sell,NASDAQ
tx_0001827,2025-06-11 10:16:58,FB,333.77,182,buy,NASDAQ
tx_0007603,2025-06-11 10:16:58,MA,344.25,505,buy,NYSE
tx_0006751,2025-06-11 10:17:05,NVDA,194.17,479,buy,NASDAQ
tx_0006843,2025-06-11 10:17:06,GOOGL,2859.41,139,sell,NASDAQ
tx_0001221,2025-06-11 10:17:07,FB,330.47,756,buy,NASDAQ
tx_0007498,2025-06-11 10:17:10,NFLX,496.36,270,sell,NASDAQ
tx_0001864,2025-06-11 10:17:10,NVDA,195.32,192,sell,NASDAQ
tx_0001013,2025-06-11 10:17:11,KO,54.94,760,sell,NYSE
tx_0005824,2025-06-11 10:17:12,FB,330.75,486,sell,NASDAQ
tx_0007995,2025-06-11 10:17:18,NVDA,196.52,510,sell,NASDAQ
tx_0008199,2025-06-11 10:17:23,ADBE,591.42,744,buy,NASDAQ
tx_0008535,2025-06-11 10:17:23,MSFT,299.97,404,sell,NASDAQ
tx_0006332,2025-06-11 10:17:24,GOOGL,2847.23,891,buy,NASDAQ
tx_0006654,2025-06-11 10:17:27,WMT,138.72,697,buy,NYSE
tx_0007671,2025-06-11 10:17:29,MCD,247.0,979,sell,NYSE
tx_0004888,2025-06-11 10:17:30,KO,54.89,710,buy,NYSE
tx_0001360,2025-06-11 10:17:41,NFLX,497.74,524,sell,NASDAQ
tx_0002882,2025-06-11 10:17:42,BRK.B,263.92,283,buy,NYSE
tx_0001309,2025-06-11 10:17:45,MCD,248.7,748,sell,NYSE
tx_0001708,2025-06-11 10:17:45,DIS,184.57,372,buy,NYSE
tx_0006835,2025-06-11 10:17:46,TSLA,678.76,472,sell,NASDAQ
tx_0001966,2025-06-11 10:17:46,ADBE,589.62,174,buy,NASDAQ
tx_0001556,2025-06-11 10:17:48,PG,140.26,575,buy,
tx_0007899,2025-06-11 10:17:48,GOOGL,2825.56,147,sell,NASDAQ
tx_0000604,2025-06-11 10:17:52,KO,54.5,961,sell,NYSE
tx_0001641,2025-06-11 10:17:56,KO,54.79,329,sell,NYSE
tx_0000605,2025-06-11 10:17:56,NVDA,194.83,617,buy,NASDAQ
tx_0000189,2025-06-11 10:17:59,PG,139.74,963,sell,NYSE
tx_0007437,2025-06-11 10:18:01,JNJ,170.21,126,sell,NYSE
tx_0006105,2025-06-11 10:18:01,NVDA,194.97,952,buy,NASDAQ
tx_0009650,2025-06-11 10:18:04,AAPL,147.94,577,buy,NASDAQ
tx_0007687,2025-06-11 10:18:04,ADBE,590.95,302,sell,NASDAQ
tx_0001147,2025-06-11 10:18:05,TSLA,675.34,725,sell,NASDAQ
tx_0000339,2025-06-11 10:18:06,ADBE,599.55,373,buy,NASDAQ
tx_0008741,2025-06-11 10:18:07,PYPL,248.77,417,buy,NASDAQ
tx_0002136,2025-06-11 10:18:09,AAPL,147.31,861,sell,NASDAQ
tx_0006397,2025-06-11 10:18:14,KO,54.2,428,buy,NYSE
tx_0003803,2025-06-11 10:18:16,AAPL,148.13,792,buy,NASDAQ
tx_0001739,2025-06-11 10:18:17,BRK.B,263.75,795,buy,NYSE
tx_0002501,2025-06-11 10:18:18,PEP,152.51,680,buy,NYSE
tx_0005898,2025-06-11 10:18:26,NFLX,496.22,885,buy,NASDAQ
tx_0005093,2025-06-11 10:18:28,BRK.B,263.11,431,sell,NYSE
tx_0003954,2025-06-11 10:18:28,AAPL,146.35,444,sell,NASDAQ
tx_0000789,2025-06-11 10:18:28,NFLX,500.46,354,sell,NASDAQ
tx_0009017,2025-06-11 10:18:29,GOOGL,2810.78,250,buy,NASDAQ
tx_0008077,2025-06-11 10:18:36,MSFT,304.58,197,buy,NASDAQ
tx_0005466,2025-06-11 10:18:38,MA,345.19,204,buy,NYSE
tx_0007962,2025-06-11 10:18:38,AAPL,146.95,284,buy,NASDAQ
tx_0008668,2025-06-11 10:18:53,KO,54.25,752,buy,NYSE
tx_0009428,2025-06-11 10:18:54,V,231.77,669,buy,NYSE
tx_0005956,2025-06-11 10:18:56,MCD,246.2,510,sell,NYSE
tx_0007991,2025-06-11 10:19:00,GOOGL,2790.83,599,buy,NASDAQ
tx_0005538,2025-06-11 10:19:02,AAPL,146.52,643,buy,NASDAQ
tx_0004949,2025-06-11 10:19:05,MCD,248.41,799,sell,NYSE
tx_0009538,2025-06-11 10:19:11,AAPL,146.2,958,buy,NASDAQ
tx_0000002,2025-06-11 10:19:16,PYPL,250.62,255,sell,NASDAQ
tx_0000526,2025-06-11 10:19:17,GOOGL,2807.56,527,sell,NASDAQ
tx_0007265,2025-06-11 10:19:19,MCD,249.32,370,sell,NYSE
tx_0000288,2025-06-11 10:19:21,MA,342.21,122,buy,NYSE
tx_0005927,2025-06-11 10:19:21,WMT,137.7,375,sell,NYSE
tx_0009247,2025-06-11 10:19:23,GOOGL,2799.36,294,sell,NASDAQ
tx_0005936,2025-06-11 10:19:30,MCD,245.25,811,sell,NYSE
tx_0005803,2025-06-11 10:19:32,WMT,139.92,785,sell,NYSE
tx_0004021,2025-06-11 10:19:33,AAPL,146.9,812,buy,NASDAQ
tx_0003943,2025-06-11 10:19:35,AAPL,148.41,858,sell,NASDAQ
tx_0001914,2025-06-11 10:19:39,KO,54.03,757,sell,NYSE
tx_0006571,2025-06-11 10:19:46,FB,334.17,701,buy,NASDAQ
tx_0007798,2025-06-11 10:19:48,MA,346.3,464,sell,NYSE
tx_0003008,2025-06-11 10:19:50,DIS,183.94,610,buy,NYSE
tx_0005797,2025-06-11 10:19:50,PYPL,249.84,584,sell,NASDAQ
tx_0007503,2025-06-11 10:19:50,MCD,244.32,804,sell,NYSE
tx_0001312,2025-06-11 10:19:53,PYPL,249.5,413,sell,NASDAQ
tx_0006608,2025-06-11 10:19:54,PG,139.55,545,sell,NYSE
tx_0001688,2025-06-11 10:19:56,TSLA,689.58,871,buy,NASDAQ
tx_0002053,2025-06-11 10:20:00,MSFT,299.0,518,buy,NASDAQ
tx_0008003,2025-06-11 10:20:00,GOOGL,2822.91,440,buy,NASDAQ
tx_0009889,2025-06-11 10:20:05,DIS,183.97,733,buy,NYSE
tx_0001192,2025-06-11 10:20:10,TSLA,681.12,640,sell,NASDAQ
tx_0000395,2025-06-11 10:20:12,KO,54.02,404,buy,NYSE
tx_0008635,2025-06-11 10:20:15,TSLA,680.06,142,buy,NASDAQ
tx_0000308,2025-06-11 10:20:17,NVDA,196.34,156,sell,NASDAQ
tx_0005799,2025-06-11 10:20:19,GOOGL,2823.33,287,sell,NASDAQ
tx_0000223,2025-06-11 10:20:20,AAPL,146.53,518,sell,NASDAQ
tx_0006320,2025-06-11 10:20:23,KO,54.25,414,sell,NYSE
tx_0003990,2025-06-11 10:20:23,PYPL,246.88,270,sell,NASDAQ
tx_0002747,2025-06-11 10:20:25,BRK.B,264.05,922,sell,NYSE
tx_0008376,2025-06-11 10:20:26,FB,335.41,142,sell,NASDAQ
tx_0005618,2025-06-11 10:20:27,MA,349.03,551,buy,NYSE
tx_0005352,2025-06-11 10:20:27,NFLX,503.05,749,buy,NASDAQ
tx_0000909,2025-06-11 10:20:28,ADBE,590.91,399,buy,NASDAQ
tx_0001165,2025-06-11 10:20:31,MCD,244.41,176,buy,NYSE
tx_0009558,2025-06-11 10:20:32,AMZN,3518.1,176,buy,NASDAQ
tx_0007317,2025-06-11 10:20:34,NFLX,503.18,962,sell,NASDAQ
tx_0003548,2025-06-11 10:20:38,PG,142.06,575,sell,NYSE
tx_0005193,2025-06-11 10:20:39,PYPL,244.83,586,sell,NASDAQ
tx_0009733,2025-06-11 10:20:39,MCD,245.31,151,buy,NYSE
tx_0005199,2025-06-11 10:20:43,GOOGL,2851.4,612,buy,NASDAQ
tx_0006006,2025-06-11 10:20:45,PEP,153.27,736,sell,NYSE
tx_0001345,2025-06-11 10:20:49,NFLX,498.25,309,sell,NASDAQ
tx_0006289,2025-06-11 10:20:50,V,230.13,874,sell,NYSE
tx_0002087,2025-06-11 10:20:54,BRK.B,262.1,345,sell,NYSE
tx_0006967,2025-06-11 10:20:59,KO,54.74,452,buy,NYSE
tx_0009300,2025-06-11 10:21:02,NVDA,198.35,151,buy,NASDAQ
tx_0001900,2025-06-11 10:21:02,GOOGL,2828.58,865,buy,NASDAQ
tx_0000864,2025-06-11 10:21:04,PG,142.43,486,buy,NYSE
tx_0006458,2025-06-11 10:21:07,ADBE,591.37,748,buy,NASDAQ
tx_0000517,2025-06-11 10:21:09,MA,347.06,683,buy,NYSE
tx_0002181,2025-06-11 10:21:10,TSLA,684.47,400,sell,NASDAQ
tx_0007189,2025-06-11 10:21:12,NVDA,198.87,822,buy,NASDAQ
tx_0004917,2025-06-11 10:21:12,NVDA,196.73,180,sell,NASDAQ
tx_0003942,2025-06-11 10:21:14,TSLA,674.25,489,sell,NASDAQ
tx_0009122,2025-06-11 10:21:20,MA,349.21,966,buy,NYSE
tx_0004204,2025-06-11 10:21:24,TSLA,674.17,985,sell,NASDAQ
tx_0006459,2025-06-11 10:21:24,FB,333.14,266,buy,NASDAQ
tx_0003520,2025-06-11 10:21:25,PEP,152.37,815,buy,NYSE
tx_0002625,2025-06-11 10:21:29,V,229.48,786,sell,NYSE
tx_0000530,2025-06-11 10:21:32,V,227.87,418,buy,NYSE
tx_0002682,2025-06-11 10:21:33,MSFT,296.3,361,buy,NASDAQ
tx_0007145,2025-06-11 10:21:34,AMZN,,430,buy,NASDAQ
tx_0000476,2025-06-11 10:21:36,WMT,137.3,468,sell,NYSE
tx_0004727,2025-06-11 10:21:38,GOOGL,2842.2,539,sell,NASDAQ
tx_0002345,2025-06-11 10:21:39,DIS,185.64,597,sell,NYSE
tx_0001614,2025-06-11 10:21:42,ADBE,591.52,701,buy,NASDAQ
tx_0000214,2025-06-11 10:21:45,GOOGL,2859.87,313,sell,NASDAQ
tx_0006369,2025-06-11 10:21:45,ADBE,596.29,681,sell,NASDAQ
tx_0004680,2025-06-11 10:21:52,MSFT,296.06,530,buy,NASDAQ
tx_0003109,2025-06-11 10:21:52,KO,54.85,538,buy,NYSE
tx_0008539,2025-06-11 10:21:53,PG,142.55,776,buy,NYSE
tx_0008004,2025-06-11 10:21:54,NFLX,500.15,244,buy,NASDAQ
tx_0003910,2025-06-11 10:21:56,JNJ,170.32,430,sell,NYSE
tx_0005859,2025-06-11 10:21:58,NFLX,506.98,957,sell,NASDAQ
tx_0002227,2025-06-11 10:22:00,V,230.53,101,buy,NYSE
tx_0008345,2025-06-11 10:22:03,FB,337.63,347,buy,NASDAQ
tx_0000182,2025-06-11 10:22:05,PYPL,247.64,703,sell,NASDAQ
tx_0000865,2025-06-11 10:22:11,AMZN,3512.37,733,sell,NASDAQ
tx_0005142,2025-06-11 10:22:16,PG,141.77,334,sell,NYSE
tx_0001084,2025-06-11 10:22:17,TSLA,676.91,564,sell,NASDAQ
tx_0003713,2025-06-11 10:22:18,JNJ,169.37,616,buy,NYSE
tx_0001898,2025-06-11 10:22:20,AAPL,147.4,742,sell,NASDAQ
tx_0003845,2025-06-11 10:22:25,ADBE,590.77,262,sell,NASDAQ
tx_0001849,2025-06-11 10:22:26,PEP,154.88,200,buy,NYSE
tx_0009053,2025-06-11 10:22:26,DIS,185.42,718,sell,NYSE
tx_0005521,2025-06-11 10:22:30,KO,54.75,181,sell,NYSE
tx_0002971,2025-06-11 10:22:30,BRK.B,266.27,420,sell,NYSE
tx_0004102,2025-06-11 10:22:34,JNJ,168.15,643,buy,NYSE
tx_0003912,2025-06-11 10:22:36,JNJ,169.64,474,sell,NYSE
tx_0000765,2025-06-11 10:22:40,PG,141.58,785,sell,NYSE
tx_0006626,2025-06-11 10:22:40,MA,346.18,525,sell,NYSE
tx_0003772,2025-06-11 10:22:42,V,229.94,673,sell,NYSE
tx_0008968,2025-06-11 10:22:42,KO,53.83,867,,NYSE
tx_0003111,2025-06-11 10:22:44,MCD,245.53,870,sell,NYSE
tx_0006078,2025-06-11 10:22:49,FB,337.08,477,buy,NASDAQ
tx_0002688,2025-06-11 10:22:51,PEP,153.24,494,sell,NYSE
tx_0002158,2025-06-11 10:22:54,MSFT,300.37,540,buy,NASDAQ
tx_0002657,2025-06-11 10:22:56,AAPL,147.64,658,sell,NASDAQ
tx_0001461,2025-06-11 10:22:59,AMZN,3490.43,848,buy,NASDAQ
tx_0004153,2025-06-11 10:22:59,PEP,153.73,630,buy,NYSE
tx_0001497,2025-06-11 10:23:08,KO,53.79,725,buy,NYSE
tx_0003513,2025-06-11 10:23:13,ADBE,588.69,181,sell,NASDAQ
tx_0001748,2025-06-11 10:23:17,PG,140.49,715,sell,NYSE
tx_0000650,2025-06-11 10:23:18,MSFT,295.62,752,buy,NASDAQ
tx_0008818,2025-06-11 10:23:19,AAPL,148.52,758,buy,NASDAQ
tx_0001046,2025-06-11 10:23:21,NFLX,507.72,771,buy,NASDAQ
tx_0006790,2025-06-11 10:23:21,MSFT,297.45,598,sell,NASDAQ
tx_0002874,2025-06-11 10:23:24,PYPL,246.89,520,sell,NASDAQ
tx_0009315,2025-06-11 10:23:27,ADBE,587.89,599,sell,NASDAQ
tx_0006934,2025-06-11 10:23:27,KO,54.45,498,buy,NYSE
tx_0004472,2025-06-11 10:23:29,DIS,183.69,717,buy,NYSE
tx_0005048,2025-06-11 10:23:29,KO,53.9,363,buy,NYSE
tx_0005273,2025-06-11 10:23:29,KO,54.15,287,sell,NYSE
tx_0007965,2025-06-11 10:23:29,AAPL,148.41,147,buy,NASDAQ
tx_0005963,2025-06-11 10:23:30,GOOGL,2840.36,647,sell,NASDAQ
tx_0003276,2025-06-11 10:23:30,TSLA,678.3,860,buy,NASDAQ
tx_0000209,2025-06-11 10:23:35,BRK.B,262.14,368,sell,NYSE
tx_0006611,2025-06-11 10:23:39,MSFT,295.73,415,sell,NASDAQ
tx_0002405,2025-06-11 10:23:42,MA,349.67,829,buy,NYSE
tx_0007226,2025-06-11 10:23:43,PG,140.76,718,sell,NYSE
tx_0001383,2025-06-11 10:23:45,V,230.69,407,buy,NYSE
tx_0009076,2025-06-11 10:23:48,JNJ,169.66,598,buy,NYSE
tx_0006847,2025-06-11 10:23:55,FB,339.59,788,buy,NASDAQ
tx_0002244,2025-06-11 10:23:57,PG,139.79,670,buy,NYSE
tx_0007779,2025-06-11 10:23:57,NVDA,198.46,784,sell,NASDAQ
tx_0001696,2025-06-11 10:23:59,NVDA,198.36,419,buy,NASDAQ
tx_0008998,2025-06-11 10:24:01,PG,141.36,230,buy,NYSE
tx_0002594,2025-06-11 10:24:01,TSLA,688.81,537,sell,NASDAQ
tx_0000635,2025-06-11 10:24:03,JNJ,169.23,183,buy,NYSE
tx_0009291,2025-06-11 10:24:04,NFLX,506.83,871,buy,NASDAQ
tx_0008037,2025-06-11 10:24:04,MCD,243.09,737,buy,NYSE
tx_0008379,2025-06-11 10:24:05,WMT,137.52,168,sell,NYSE
tx_0004589,2025-06-11 10:24:06,AAPL,146.54,360,sell,NASDAQ
tx_0007727,2025-06-11 10:24:07,BRK.B,262.51,850,buy,NYSE
tx_0003442,2025-06-11 10:24:08,BRK.B,263.0,915,buy,NYSE
tx_0004331,2025-06-11 10:24:12,DIS,183.33,895,buy,NYSE
tx_0006161,2025-06-11 10:24:13,AAPL,149.16,901,buy,NASDAQ
tx_0001545,2025-06-11 10:24:13,MCD,242.55,507,sell,NYSE
tx_0009233,2025-06-11 10:24:13,PYPL,245.01,102,buy,NASDAQ
tx_0001532,2025-06-11 10:24:18,V,230.31,809,sell,NYSE
tx_0004536,2025-06-11 10:24:20,NFLX,504.64,863,sell,NASDAQ
tx_0009857,2025-06-11 10:24:22,PYPL,246.16,424,buy,NASDAQ
tx_0002272,2025-06-11 10:24:34,PEP,152.39,311,buy,NYSE
tx_0002385,2025-06-11 10:24:36,PYPL,244.55,206,sell,NASDAQ
tx_0001852,2025-06-11 10:24:37,GOOGL,2874.94,519,sell,NASDAQ
tx_0009876,2025-06-11 10:24:38,AAPL,148.74,690,sell,NASDAQ
tx_0007093,2025-06-11 10:24:44,PYPL,247.92,302,sell,NASDAQ
tx_0005038,2025-06-11 10:24:46,WMT,138.69,514,buy,NYSE
tx_0005007,2025-06-11 10:24:49,PG,141.55,790,buy,NYSE
tx_0003325,2025-06-11 10:24:50,GOOGL,2897.12,947,sell,NASDAQ
tx_0001283,2025-06-11 10:24:52,FB,336.82,788,buy,NASDAQ
tx_0005306,2025-06-11 10:24:53,ADBE,581.66,110,sell,NASDAQ
tx_0004097,2025-06-11 10:24:57,PG,140.8,818,sell,NYSE
tx_0007987,2025-06-11 10:24:59,AAPL,148.81,385,buy,NASDAQ
tx_0005343,2025-06-11 10:25:02,AAPL,147.13,870,sell,NASDAQ
tx_0002332,2025-06-11 10:25:03,KO,54.71,881,buy,NYSE
tx_0003886,2025-06-11 10:25:04,PYPL,247.47,217,sell,NASDAQ
tx_0004649,2025-06-11 10:25:06,JNJ,169.3,388,sell,NYSE
tx_0008320,2025-06-11 10:25:09,KO,54.15,276,sell,NYSE
tx_0008512,2025-06-11 10:25:10,PEP,154.57,298,sell,NYSE
tx_0007254,2025-06-11 10:25:12,ADBE,591.89,980,buy,NASDAQ
tx_0001680,2025-06-11 10:25:16,BRK.B,262.47,853,sell,NYSE
tx_0000727,2025-06-11 10:25:27,TSLA,683.69,484,sell,NASDAQ
tx_0000813,2025-06-11 10:25:31,NVDA,198.93,320,buy,NASDAQ
tx_0001222,2025-06-11 10:25:32,NVDA,197.68,846,buy,NASDAQ
tx_0002929,2025-06-11 10:25:34,DIS,183.77,968,buy,NYSE
tx_0006733,2025-06-11 10:25:34,V,233.59,237,sell,NYSE
tx_0003305,2025-06-11 10:25:40,AAPL,147.33,738,buy,NASDAQ
tx_0004140,2025-06-11 10:25:40,TSLA,685.58,575,buy,
tx_0006869,2025-06-11 10:25:41,DIS,186.07,284,buy,NYSE
tx_0006550,2025-06-11 10:25:47,BRK.B,266.6,624,buy,NYSE
tx_0005789,2025-06-11 10:25:49,AMZN,3499.43,161,sell,NASDAQ
tx_0006894,2025-06-11 10:25:51,BRK.B,265.79,827,sell,NYSE
tx_0002296,2025-06-11 10:25:54,AAPL,148.82,945,sell,NASDAQ
tx_0008506,2025-06-11 10:25:54,FB,341.06,624,sell,NASDAQ
tx_0005280,2025-06-11 10:25:54,GOOGL,2882.32,141,buy,NASDAQ
tx_0008381,2025-06-11 10:25:55,NVDA,199.24,434,sell,NASDAQ
tx_0005479,2025-06-11 10:25:55,AAPL,147.02,716,buy,NASDAQ
tx_0005827,2025-06-11 10:25:58,BRK.B,265.98,147,buy,NYSE
tx_0008017,2025-06-11 10:26:03,FB,337.06,486,sell,NASDAQ
tx_0003814,2025-06-11 10:26:03,PEP,152.5,858,buy,NYSE
tx_0004871,2025-06-11 10:26:03,MSFT,295.81,498,buy,NASDAQ
tx_0005751,2025-06-11 10:26:07,AMZN,3465.17,374,buy,NASDAQ
tx_0009634,2025-06-11 10:26:08,WMT,138.92,663,sell,NYSE
tx_0007423,2025-06-11 10:26:15,PYPL,244.55,633,sell,NASDAQ
tx_0002286,2025-06-11 10:26:17,DIS,185.63,652,buy,NYSE
tx_0001711,2025-06-11 10:26:23,MCD,247.55,977,buy,NYSE
tx_0004111,2025-06-11 10:26:29,AMZN,3496.33,341,buy,NASDAQ
tx_0005699,2025-06-11 10:26:36,PEP,152.25,743,sell,NYSE
tx_0008770,2025-06-11 10:26:41,GOOGL,2848.27,788,buy,NASDAQ
tx_0002784,2025-06-11 10:26:41,NFLX,501.02,545,sell,NASDAQ
tx_0003218,2025-06-11 10:26:42,MA,349.17,337,sell,NYSE
tx_0008627,2025-06-11 10:26:44,KO,54.44,880,buy,NYSE
tx_0006598,2025-06-11 10:26:45,AAPL,147.6,101,sell,NASDAQ
tx_0000422,2025-06-11 10:26:45,V,229.4,959,buy,NYSE
tx_0007684,2025-06-11 10:26:56,GOOGL,2890.04,868,sell,NASDAQ
tx_0007851,2025-06-11 10:26:59,AMZN,3438.73,739,buy,NASDAQ
tx_0009370,2025-06-11 10:26:59,NVDA,,392,sell,NASDAQ
tx_0004859,2025-06-11 10:27:00,NVDA,198.59,704,buy,NASDAQ
tx_0007563,2025-06-11 10:27:02,KO,54.46,653,buy,NYSE
tx_0008997,2025-06-11 10:27:05,DIS,184.97,798,sell,NYSE
tx_0000219,2025-06-11 10:27:09,MSFT,298.61,144,sell,NASDAQ
tx_0003299,2025-06-11 10:27:09,GOOGL,2875.58,115,sell,NASDAQ
tx_0003134,2025-06-11 10:27:12,DIS,182.1,608,sell,NYSE
tx_0001486,2025-06-11 10:27:13,NVDA,198.98,323,sell,NASDAQ
tx_0005094,2025-06-11 10:27:14,ADBE,588.03,884,buy,NASDAQ
tx_0005395,2025-06-11 10:27:16,JNJ,171.62,838,sell,NYSE
tx_0003541,2025-06-11 10:27:19,PG,140.51,834,buy,NYSE
tx_0009747,2025-06-11 10:27:21,V,232.71,1000,buy,NYSE
tx_0005677,2025-06-11 10:27:23,GOOGL,2891.55,923,buy,NASDAQ
tx_0005205,2025-06-11 10:27:24,PYPL,246.68,322,buy,NASDAQ
tx_0004361,2025-06-11 10:27:25,NFLX,506.23,166,buy,NASDAQ
tx_0007781,2025-06-11 10:27:25,MA,348.84,544,buy,NYSE
tx_0007391,2025-06-11 10:27:27,WMT,139.68,492,buy,NYSE
tx_0004162,2025-06-11 10:27:29,AAPL,147.68,619,sell,
tx_0006116,2025-06-11 10:27:32,PYPL,246.36,268,sell,NASDAQ
tx_0009505,2025-06-11 10:27:32,MCD,245.45,266,buy,NYSE
tx_0001073,2025-06-11 10:27:36,TSLA,686.6,693,buy,NASDAQ
tx_0002453,2025-06-11 10:27:37,MSFT,300.09,595,sell,NASDAQ
tx_0004174,2025-06-11 10:27:38,KO,54.42,525,sell,NYSE
tx_0008603,2025-06-11 10:27:38,KO,54.5,511,buy,NYSE
tx_0004041,2025-06-11 10:27:39,ADBE,588.86,454,sell,NASDAQ
tx_0006527,2025-06-11 10:27:40,PYPL,249.13,296,sell,NASDAQ
tx_0007685,2025-06-11 10:27:44,KO,53.92,574,sell,NYSE
tx_0002110,2025-06-11 10:27:48,FB,340.69,307,sell,NASDAQ
tx_0004308,2025-06-11 10:27:49,JNJ,172.03,312,buy,NYSE
tx_0002175,2025-06-11 10:27:49,FB,335.73,706,buy,NASDAQ
tx_0002089,2025-06-11 10:27:49,PYPL,249.72,491,sell,NASDAQ
tx_0002764,2025-06-11 10:27:50,FB,339.54,759,buy,NASDAQ
tx_0001998,2025-06-11 10:27:54,MCD,246.9,814,sell,NYSE
tx_0009060,2025-06-11 10:27:55,WMT,137.97,443,sell,NYSE
tx_0006935,2025-06-11 10:28:02,NVDA,199.28,736,buy,NASDAQ
tx_0007237,2025-06-11 10:28:03,TSLA,684.91,300,sell,NASDAQ
tx_0004541,2025-06-11 10:28:07,AMZN,3451.7,933,buy,NASDAQ
tx_0005366,2025-06-11 10:28:07,GOOGL,2891.51,763,buy,NASDAQ
tx_0005727,2025-06-11 10:28:07,ADBE,587.52,661,sell,NASDAQ
tx_0008466,2025-06-11 10:28:12,DIS,182.7,765,sell,NYSE
tx_0008370,2025-06-11 10:28:12,AAPL,147.94,913,buy,NASDAQ
tx_0007172,2025-06-11 10:28:13,PEP,153.32,846,buy,NYSE
tx_0000392,2025-06-11 10:28:16,AAPL,147.6,883,sell,NASDAQ
tx_0000446,2025-06-11 10:28:17,BRK.B,263.17,823,sell,
tx_0001403,2025-06-11 10:28:18,ADBE,580.18,617,buy,NASDAQ
tx_0005882,2025-06-11 10:28:20,NFLX,502.68,594,sell,NASDAQ
tx_0002113,2025-06-11 10:28:27,MA,355.22,479,buy,NYSE
tx_0001642,2025-06-11 10:28:27,GOOGL,2871.14,748,sell,NASDAQ
tx_0003391,2025-06-11 10:28:30,DIS,184.57,739,buy,NYSE
tx_0004167,2025-06-11 10:28:33,KO,53.53,271,sell,NYSE
tx_0006980,2025-06-11 10:28:33,ADBE,582.99,535,buy,NASDAQ
tx_0005694,2025-06-11 10:28:33,PEP,153.72,376,sell,NYSE
tx_0000397,2025-06-11 10:28:36,DIS,183.28,940,buy,NYSE
tx_0009084,2025-06-11 10:28:36,AAPL,147.04,674,sell,NASDAQ
tx_0000557,2025-06-11 10:28:37,NVDA,196.56,810,buy,NASDAQ
tx_0001177,2025-06-11 10:28:39,V,230.94,456,buy,NYSE
tx_0004318,2025-06-11 10:28:42,WMT,139.75,558,buy,NYSE
tx_0005488,2025-06-11 10:28:46,PEP,154.35,992,sell,NYSE
tx_0000597,2025-06-11 10:28:46,DIS,183.57,810,sell,NYSE
tx_0004171,2025-06-11 10:28:49,PEP,153.38,823,sell,NYSE
tx_0007818,2025-06-11 10:28:50,FB,342.59,303,buy,NASDAQ
tx_0001899,2025-06-11 10:28:51,WMT,137.76,959,buy,NYSE
tx_0009606,2025-06-11 10:28:53,ADBE,589.65,809,buy,NASDAQ
tx_0007837,2025-06-11 10:28:56,ADBE,584.76,443,buy,NASDAQ
tx_0005544,2025-06-11 10:28:56,MCD,249.6,558,sell,NYSE
tx_0005642,2025-06-11 10:29:02,JNJ,170.19,558,sell,NYSE
tx_0004892,2025-06-11 10:29:04,NVDA,198.02,842,sell,NASDAQ
tx_0008634,2025-06-11 10:29:07,BRK.B,264.36,506,buy,NYSE
tx_0000040,2025-06-11 10:29:08,V,231.03,795,buy,NYSE
tx_0004142,2025-06-11 10:29:08,WMT,139.17,707,buy,NYSE
tx_0009238,2025-06-11 10:29:08,MA,354.1,429,sell,NYSE
tx_0009284,2025-06-11 10:29:10,JNJ,170.82,790,sell,NYSE
tx_0006769,2025-06-11 10:29:15,BRK.B,261.63,896,buy,NYSE
tx_0000920,2025-06-11 10:29:16,AAPL,146.86,501,buy,NASDAQ
tx_0008232,2025-06-11 10:29:19,V,231.82,827,buy,NYSE
tx_0001498,2025-06-11 10:29:22,MSFT,298.73,877,buy,NASDAQ
tx_0002838,2025-06-11 10:29:25,ADBE,589.74,403,sell,NASDAQ
tx_0008467,2025-06-11 10:29:27,AMZN,3470.45,633,buy,NASDAQ
tx_0003253,2025-06-11 10:29:29,MA,350.59,334,buy,NYSE
tx_0000421,2025-06-11 10:29:31,PYPL,249.02,562,sell,NASDAQ
tx_0007060,2025-06-11 10:29:32,JNJ,171.09,247,sell,NYSE
tx_0003579,2025-06-11 10:29:33,AAPL,149.47,633,buy,NASDAQ
tx_0000038,2025-06-11 10:29:34,PYPL,248.75,807,sell,NASDAQ
tx_0009741,2025-06-11 10:29:36,AAPL,147.32,877,sell,NASDAQ
tx_0007682,2025-06-11 10:29:36,KO,53.11,805,sell,NYSE
tx_0005989,2025-06-11 10:29:36,FB,340.01,852,sell,NASDAQ
tx_0007161,2025-06-11 10:29:40,FB,336.91,494,buy,NASDAQ
tx_0003245,2025-06-11 10:29:44,PG,141.4,219,sell,NYSE
tx_0008975,2025-06-11 10:29:44,MCD,244.71,844,buy,NYSE
tx_0008782,2025-06-11 10:29:45,FB,340.79,413,buy,NASDAQ
tx_0003415,2025-06-11 10:29:45,NFLX,499.07,486,sell,NASDAQ
tx_0003329,2025-06-11 10:29:46,PYPL,245.89,772,buy,NASDAQ
tx_0008768,2025-06-11 10:29:47,BRK.B,263.49,383,sell,NYSE
tx_0007063,2025-06-11 10:29:49,BRK.B,262.58,989,buy,NYSE
tx_0001844,2025-06-11 10:29:51,WMT,138.22,720,buy,NYSE
tx_0006366,2025-06-11 10:29:51,MA,351.19,244,buy,NYSE
tx_0005151,2025-06-11 10:29:56,PG,141.67,325,buy,NYSE
tx_0002989,2025-06-11 10:29:56,NVDA,198.53,988,sell,NASDAQ
tx_0006219,2025-06-11 10:30:00,DIS,183.6,639,buy,NYSE
tx_0001896,2025-06-11 10:30:00,PEP,154.42,823,buy,NYSE
tx_0003064,2025-06-11 10:30:05,JNJ,173.1,733,buy,NYSE
tx_0000342,2025-06-11 10:30:09,MA,348.32,838,sell,NYSE
tx_0007746,2025-06-11 10:30:10,JNJ,173.96,289,sell,NYSE
tx_0000119,2025-06-11 10:30:11,PG,140.99,437,sell,NYSE
tx_0005599,2025-06-11 10:30:12,MA,352.96,708,sell,NYSE
tx_0002317,2025-06-11 10:30:15,MCD,244.69,614,sell,NYSE
tx_0003207,2025-06-11 10:30:15,JNJ,173.04,251,sell,NYSE
tx_0009087,2025-06-11 10:30:16,BRK.B,263.55,445,sell,NYSE
tx_0005575,2025-06-11 10:30:17,MA,350.4,718,buy,NYSE
tx_0006929,2025-06-11 10:30:24,TSLA,685.0,959,buy,NASDAQ
tx_0001387,2025-06-11 10:30:28,PYPL,248.01,361,sell,NASDAQ
tx_0001232,2025-06-11 10:30:33,PG,141.38,553,sell,NYSE
tx_0005520,2025-06-11 10:30:34,ADBE,579.27,128,sell,NASDAQ
tx_0007177,2025-06-11 10:30:37,BRK.B,263.67,650,buy,NYSE
tx_0001203,2025-06-11 10:30:46,BRK.B,264.79,621,sell,NYSE
tx_0000186,2025-06-11 10:30:46,AAPL,148.8,267,sell,NASDAQ
tx_0001985,2025-06-11 10:30:50,BRK.B,263.54,404,buy,NYSE
tx_0009683,2025-06-11 10:30:51,BRK.B,265.07,208,sell,NYSE
tx_0006131,2025-06-11 10:30:51,V,231.55,781,sell,NYSE
tx_0005147,2025-06-11 10:30:55,NFLX,500.62,673,sell,NASDAQ
tx_0009208,2025-06-11 10:31:00,WMT,138.47,261,buy,NYSE
tx_0003947,2025-06-11 10:31:03,AMZN,3421.56,212,buy,NASDAQ
tx_0008337,2025-06-11 10:31:03,JNJ,171.48,753,sell,NYSE
tx_0007590,2025-06-11 10:31:04,ADBE,582.63,367,buy,NASDAQ
tx_0001579,2025-06-11 10:31:08,NVDA,195.89,162,buy,NASDAQ
tx_0007572,2025-06-11 10:31:09,PG,139.37,243,buy,NYSE
tx_0000869,2025-06-11 10:31:17,AMZN,3469.96,343,sell,NASDAQ
tx_0004938,2025-06-11 10:31:21,BRK.B,261.83,212,sell,NYSE
tx_0000915,2025-06-11 10:31:23,GOOGL,2843.82,626,buy,NASDAQ
tx_0007500,2025-06-11 10:31:24,WMT,137.9,243,buy,NYSE
tx_0001598,2025-06-11 10:31:27,FB,336.95,279,sell,NASDAQ
tx_0008191,2025-06-11 10:31:33,NFLX,495.05,892,buy,NASDAQ
tx_0001371,2025-06-11 10:31:34,NVDA,196.03,772,sell,NASDAQ
tx_0004395,2025-06-11 10:31:43,ADBE,583.44,972,sell,NASDAQ
tx_0004662,2025-06-11 10:31:46,WMT,137.96,259,buy,NYSE
tx_0003828,2025-06-11 10:31:46,BRK.B,263.46,305,buy,NYSE
tx_0008805,2025-06-11 10:31:47,PG,141.2,570,buy,NYSE
tx_0008118,2025-06-11 10:31:48,PEP,152.24,104,sell,NYSE
tx_0002842,2025-06-11 10:31:48,TSLA,691.23,452,buy,NASDAQ
tx_0006557,2025-06-11 10:31:49,GOOGL,2826.29,231,sell,NASDAQ
tx_0001038,2025-06-11 10:31:49,FB,335.92,644,buy,NASDAQ
tx_0004135,2025-06-11 10:31:50,PYPL,246.76,472,buy,NASDAQ
tx_0008039,2025-06-11 10:31:50,JNJ,173.28,920,sell,NYSE
tx_0009126,2025-06-11 10:31:50,PYPL,249.81,701,sell,NASDAQ
tx_0007827,2025-06-11 10:31:53,DIS,182.11,818,sell,NYSE
tx_0008089,2025-06-11 10:31:53,AMZN,3444.32,951,sell,NASDAQ
tx_0003720,2025-06-11 10:31:55,DIS,183.69,510,buy,NYSE
tx_0009141,2025-06-11 10:32:00,BRK.B,264.52,105,sell,NYSE
tx_0002448,2025-06-11 10:32:01,V,233.12,671,buy,NYSE
tx_0005780,2025-06-11 10:32:02,JNJ,170.75,664,buy,NYSE
tx_0001502,2025-06-11 10:32:04,AAPL,146.62,453,buy,NASDAQ
tx_0003714,2025-06-11 10:32:07,NFLX,500.26,815,buy,NASDAQ
tx_0009992,2025-06-11 10:32:08,MSFT,302.71,677,buy,NASDAQ
tx_0006031,2025-06-11 10:32:09,JNJ,173.8,537,sell,NYSE
tx_0008758,2025-06-11 10:32:14,BRK.B,261.58,309,buy,NYSE
tx_0000448,2025-06-11 10:32:21,AMZN,3450.93,519,buy,NASDAQ
tx_0005800,2025-06-11 10:32:25,V,230.43,461,buy,NYSE
tx_0004515,2025-06-11 10:32:26,PYPL,249.97,163,sell,NASDAQ
tx_0005349,2025-06-11 10:32:28,MA,351.84,384,buy,NYSE
tx_0006472,2025-06-11 10:32:29,TSLA,684.48,684,buy,NASDAQ
tx_0002424,2025-06-11 10:32:44,KO,53.27,695,sell,NYSE
tx_0005571,2025-06-11 10:32:44,DIS,181.52,876,buy,NYSE
tx_0007828,2025-06-11 10:32:49,ADBE,578.34,575,sell,NASDAQ
tx_0001582,2025-06-11 10:32:54,NVDA,197.36,964,buy,NASDAQ
tx_0005734,2025-06-11 10:32:58,NFLX,504.86,828,buy,NASDAQ
tx_0005382,2025-06-11 10:33:02,V,230.81,416,sell,NYSE
tx_0008890,2025-06-11 10:33:04,AAPL,149.07,284,buy,NASDAQ
tx_0005057,2025-06-11 10:33:05,KO,53.64,533,sell,NYSE
tx_0006801,2025-06-11 10:33:05,NFLX,504.28,681,sell,NASDAQ
tx_0004421,2025-06-11 10:33:12,PEP,152.4,479,sell,NYSE
tx_0008756,2025-06-11 10:33:14,PEP,152.77,610,sell,NYSE
tx_0008546,2025-06-11 10:33:14,BRK.B,264.02,856,sell,NYSE
tx_0000835,2025-06-11 10:33:15,BRK.B,266.0,617,buy,NYSE
tx_0008334,2025-06-11 10:33:18,V,231.99,127,sell,NYSE
tx_0002864,2025-06-11 10:33:21,MA,346.33,941,buy,NYSE
tx_0001104,2025-06-11 10:33:24,MCD,249.01,907,buy,NYSE
tx_0001338,2025-06-11 10:33:24,NVDA,198.07,738,sell,NASDAQ
tx_0000012,2025-06-11 10:33:25,MSFT,301.21,568,buy,NASDAQ
tx_0000680,2025-06-11 10:33:25,AMZN,3428.26,879,buy,NASDAQ
tx_0007045,2025-06-11 10:33:26,AMZN,3466.06,101,sell,NASDAQ
tx_0009264,2025-06-11 10:33:27,PYPL,246.56,152,buy,NASDAQ
tx_0003091,2025-06-11 10:33:28,ADBE,577.24,969,sell,NASDAQ
tx_0005257,2025-06-11 10:33:29,AMZN,3416.72,981,buy,NASDAQ
tx_0001961,2025-06-11 10:33:29,MCD,246.08,574,buy,NYSE
tx_0006172,2025-06-11 10:33:32,PG,142.14,640,buy,NYSE
tx_0000458,2025-06-11 10:33:34,V,231.26,398,buy,NYSE
tx_0003028,2025-06-11 10:33:39,BRK.B,262.57,272,sell,NYSE
tx_0002777,2025-06-11 10:33:55,TSLA,685.76,542,sell,NASDAQ
tx_0003819,2025-06-11 10:33:56,MCD,245.03,346,buy,NYSE
tx_0006772,2025-06-11 10:33:56,PEP,153.51,803,buy,NYSE
tx_0000062,2025-06-11 10:33:56,PEP,153.3,913,buy,NYSE
tx_0003087,2025-06-11 10:33:57,MA,352.52,613,buy,NYSE
tx_0004165,2025-06-11 10:33:58,KO,53.52,206,sell,NYSE
tx_0005307,2025-06-11 10:33:59,V,230.26,773,buy,NYSE
tx_0006662,2025-06-11 10:34:02,WMT,138.68,353,buy,NYSE
tx_0001754,2025-06-11 10:34:08,PEP,154.7,108,sell,NYSE
tx_0002105,2025-06-11 10:34:10,V,231.6,759,buy,NYSE
tx_0005002,2025-06-11 10:34:18,AMZN,3446.05,163,sell,NASDAQ
tx_0007831,2025-06-11 10:34:20,DIS,180.64,215,buy,NYSE
tx_0007785,2025-06-11 10:34:22,V,230.92,987,buy,NYSE
tx_0008356,2025-06-11 10:34:25,DIS,182.93,995,sell,NYSE
tx_0004431,2025-06-11 10:34:28,MSFT,302.64,752,buy,NASDAQ
tx_0006806,2025-06-11 10:34:30,DIS,181.44,684,buy,NYSE
tx_0008333,2025-06-11 10:34:30,PG,141.24,609,buy,
tx_0002188,2025-06-11 10:34:35,MA,345.53,794,buy,NYSE
tx_0006713,2025-06-11 10:34:39,MSFT,301.06,406,buy,NASDAQ
tx_0001626,2025-06-11 10:34:41,JNJ,173.74,718,buy,NYSE
tx_0003405,2025-06-11 10:34:42,KO,53.82,359,sell,NYSE
tx_0006032,2025-06-11 10:34:45,FB,336.95,327,sell,NASDAQ
tx_0008319,2025-06-11 10:34:51,AMZN,3436.8,179,sell,NASDAQ
tx_0005958,2025-06-11 10:34:53,JNJ,174.59,987,sell,NYSE
tx_0005465,2025-06-11 10:34:58,MCD,245.25,890,sell,NYSE
tx_0001448,2025-06-11 10:35:00,NFLX,494.27,429,buy,NASDAQ
tx_0001418,2025-06-11 10:35:03,MSFT,297.55,735,buy,NASDAQ
tx_0003927,2025-06-11 10:35:07,MA,352.05,568,buy,NYSE
tx_0006833,2025-06-11 10:35:09,JNJ,172.26,489,buy,NYSE
tx_0006453,2025-06-11 10:35:11,FB,340.43,259,sell,NASDAQ
tx_0001469,2025-06-11 10:35:15,GOOGL,2823.52,765,sell,NASDAQ
tx_0004955,2025-06-11 10:35:16,FB,336.64,223,sell,NASDAQ
tx_0005262,2025-06-11 10:35:16,MSFT,298.37,764,buy,NASDAQ
tx_0003532,2025-06-11 10:35:21,MA,352.13,350,buy,NYSE
tx_0005811,2025-06-11 10:35:23,DIS,182.3,832,buy,NYSE
tx_0001120,2025-06-11 10:35:24,FB,338.58,189,buy,NASDAQ
tx_0000955,2025-06-11 10:35:25,MSFT,300.98,441,buy,NASDAQ
tx_0008272,2025-06-11 10:35:29,PYPL,245.76,269,sell,NASDAQ
tx_0008278,2025-06-11 10:35:30,MA,348.25,147,sell,NYSE
tx_0009635,2025-06-11 10:35:38,MSFT,299.37,650,buy,NASDAQ
tx_0006486,2025-06-11 10:35:41,ADBE,590.65,137,buy,NASDAQ
tx_0006718,2025-06-11 10:35:42,MSFT,301.16,467,buy,NASDAQ
tx_0007985,2025-06-11 10:35:45,V,229.88,846,buy,NYSE
tx_0009938,2025-06-11 10:35:45,AMZN,3453.27,547,buy,NASDAQ
tx_0002389,2025-06-11 10:35:47,PG,141.88,240,buy,NYSE
tx_0002333,2025-06-11 10:35:50,TSLA,684.75,351,buy,NASDAQ
tx_0003449,2025-06-11 10:35:59,PEP,153.18,700,sell,NYSE
tx_0009980,2025-06-11 10:36:00,JNJ,174.36,178,sell,NYSE
tx_0003784,2025-06-11 10:36:02,NVDA,197.51,454,buy,NASDAQ
tx_0001742,2025-06-11 10:36:02,GOOGL,2823.87,138,sell,NASDAQ
tx_0006798,2025-06-11 10:36:09,DIS,183.73,679,buy,NYSE
tx_0007767,2025-06-11 10:36:14,WMT,139.93,917,buy,NYSE
tx_0008930,2025-06-11 10:36:16,MSFT,300.77,457,sell,NASDAQ
tx_0008801,2025-06-11 10:36:22,DIS,181.74,351,buy,NYSE
tx_0001484,2025-06-11 10:36:23,V,230.78,667,buy,NYSE
tx_0001114,2025-06-11 10:36:28,JNJ,174.58,493,sell,NYSE
tx_0007449,2025-06-11 10:36:29,FB,338.67,252,buy,NASDAQ
tx_0008549,2025-06-11 10:36:29,NFLX,498.2,596,sell,NASDAQ
tx_0006309,2025-06-11 10:36:29,BRK.B,265.7,604,sell,NYSE
tx_0008045,2025-06-11 10:36:31,PEP,151.49,262,buy,NYSE
tx_0009301,2025-06-11 10:36:33,MA,346.79,428,sell,NYSE
tx_0007377,2025-06-11 10:36:35,V,233.07,308,buy,NYSE
tx_0006420,2025-06-11 10:36:36,NVDA,199.8,971,buy,NASDAQ
tx_0003347,2025-06-11 10:36:36,WMT,136.68,696,buy,NYSE
tx_0005378,2025-06-11 10:36:38,AMZN,3389.8,496,sell,NASDAQ
tx_0007707,2025-06-11 10:36:43,MA,345.92,995,buy,NYSE
tx_0009752,2025-06-11 10:36:44,ADBE,590.48,310,buy,NASDAQ
tx_0006947,2025-06-11 10:36:46,NVDA,199.72,429,buy,NASDAQ
tx_0000245,2025-06-11 10:36:47,BRK.B,265.94,221,buy,NYSE
tx_0007222,2025-06-11 10:36:47,AAPL,148.48,342,buy,NASDAQ
tx_0008737,2025-06-11 10:36:50,FB,338.39,260,buy,NASDAQ
tx_0002642,2025-06-11 10:36:50,AAPL,147.35,866,sell,NASDAQ
tx_0001151,2025-06-11 10:36:52,DIS,182.37,570,buy,NYSE
tx_0009624,2025-06-11 10:36:53,AMZN,3421.59,500,buy,NASDAQ
tx_0004722,2025-06-11 10:36:56,PEP,152.35,376,buy,NYSE
tx_0001237,2025-06-11 10:36:57,GOOGL,2793.67,524,buy,NASDAQ
tx_0004030,2025-06-11 10:37:00,KO,53.42,632,buy,NYSE
tx_0000137,2025-06-11 10:37:02,MCD,242.88,778,sell,NYSE
tx_0009735,2025-06-11 10:37:02,AMZN,3443.64,493,sell,NASDAQ
tx_0002338,2025-06-11 10:37:02,AMZN,3397.7,542,buy,NASDAQ
tx_0007297,2025-06-11 10:37:03,JNJ,170.87,336,sell,NYSE
tx_0000032,2025-06-11 10:37:06,MSFT,297.61,980,sell,NASDAQ
tx_0003222,2025-06-11 10:37:10,GOOGL,2810.06,857,buy,NASDAQ
tx_0001380,2025-06-11 10:37:10,NFLX,501.52,993,sell,NASDAQ
tx_0008986,2025-06-11 10:37:11,PG,142.4,326,sell,NYSE
tx_0000263,2025-06-11 10:37:12,WMT,138.32,534,sell,NYSE
tx_0006739,2025-06-11 10:37:12,MCD,247.4,974,buy,NYSE
tx_0000328,2025-06-11 10:37:14,GOOGL,2814.49,990,sell,NASDAQ
tx_0001276,2025-06-11 10:37:16,BRK.B,263.01,927,buy,NYSE
tx_0009914,2025-06-11 10:37:16,PG,141.7,464,sell,NYSE
tx_0009873,2025-06-11 10:37:21,PEP,153.12,496,buy,NYSE
tx_0003353,2025-06-11 10:37:25,PG,140.6,117,buy,NYSE
