transaction_id,timestamp,stock_symbol,price,quantity,order_type,exchange
tx_0005077,2025-06-19 09:30:02,BRK.B,282.42,895.0,buy,NYSE
tx_0003960,2025-06-19 09:30:04,NVDA,198.87,395.0,buy,
tx_0006560,2025-06-19 09:30:05,ADBE,598.04,502.0,sell,
tx_0003018,2025-06-19 09:30:05,NFLX,495.76,883.0,buy,NASDAQ
tx_0000638,2025-06-19 09:30:07,MSFT,302.22,227.0,buy,NASDAQ
tx_0000038,2025-06-19 09:30:12,NVDA,200.14,863.0,buy,NASDAQ
tx_0002778,2025-06-19 09:30:19,TSLA,706.97,896.0,sell,NASDAQ
tx_0003533,2025-06-19 09:30:20,KO,54.93,23.0,sell,NYSE
tx_0002866,2025-06-19 09:30:23,KO,55.19,684.0,buy,NYSE
tx_0002895,2025-06-19 09:30:30,TSLA,705.8,436.0,buy,NASDAQ
tx_0000943,2025-06-19 09:30:32,PG,140.32,661.0,buy,NYSE
tx_0002414,2025-06-19 09:30:33,BRK.B,280.8,12.0,buy,NYSE
tx_0008018,2025-06-19 09:30:34,GOOGL,2817.63,629.0,sell,NASDAQ
tx_0001105,2025-06-19 09:30:38,PYPL,248.3,591.0,sell,NASDAQ
tx_0008229,2025-06-19 09:30:38,JNJ,168.91,529.0,buy,NYSE
tx_0005799,2025-06-19 09:30:44,JNJ,171.62,766.0,sell,NYSE
tx_0005873,2025-06-19 09:30:50,GOOGL,2777.45,932.0,buy,NASDAQ
tx_0007694,2025-06-19 09:30:51,BRK.B,277.8,849.0,buy,NYSE
tx_0004292,2025-06-19 09:30:53,BRK.B,282.93,904.0,sell,NYSE
tx_0002429,2025-06-19 09:30:53,KO,54.78,612.0,sell,NYSE
tx_0007291,2025-06-19 09:30:53,JNJ,170.28,866.0,sell,NYSE
tx_0007310,2025-06-19 09:30:54,PEP,149.9,419.0,sell,NYSE
tx_0004030,2025-06-19 09:30:57,V,221.89,57.0,buy,NYSE
tx_0008692,2025-06-19 09:31:00,ADBE,601.93,939.0,sell,NASDAQ
tx_0007126,2025-06-19 09:31:04,AMZN,3499.5,638.0,buy,NASDAQ
tx_0008552,2025-06-19 09:31:09,NVDA,201.59,305.0,buy,NASDAQ
tx_0003682,2025-06-19 09:31:09,WMT,140.7,276.0,buy,NYSE
tx_0003133,2025-06-19 09:31:14,AAPL,148.63,635.0,buy,NASDAQ
tx_0005571,2025-06-19 09:31:17,ADBE,598.97,370.0,sell,NASDAQ
tx_0003906,2025-06-19 09:31:17,AAPL,150.45,35.0,sell,NASDAQ
tx_0008670,2025-06-19 09:31:22,GOOGL,2773.53,323.0,sell,NASDAQ
tx_0001800,2025-06-19 09:31:26,ADBE,594.13,680.0,sell,NASDAQ
tx_0004980,2025-06-19 09:31:27,GOOGL,2786.06,435.0,buy,NASDAQ
tx_0007937,2025-06-19 09:31:28,PYPL,250.19,439.0,buy,NASDAQ
tx_0001891,2025-06-19 09:31:31,DIS,180.98,46.0,buy,NYSE
tx_0007809,2025-06-19 09:31:31,MCD,251.33,854.0,buy,NYSE
tx_0003292,2025-06-19 09:31:34,TSLA,697.12,872.0,buy,NASDAQ
tx_0001829,2025-06-19 09:31:35,BRK.B,281.32,807.0,buy,NYSE
tx_0000079,2025-06-19 09:31:38,KO,55.52,479.0,sell,NYSE
tx_0001566,2025-06-19 09:31:39,V,222.91,624.0,buy,NYSE
tx_0006616,2025-06-19 09:31:40,PG,138.3,650.0,buy,NYSE
tx_0009751,2025-06-19 09:31:41,NVDA,199.13,494.0,sell,NASDAQ
tx_0007251,2025-06-19 09:31:42,NFLX,498.2,802.0,sell,NASDAQ
tx_0007327,2025-06-19 09:31:43,V,219.7,215.0,sell,NYSE
tx_0008536,2025-06-19 09:31:45,ADBE,598.24,581.0,sell,NASDAQ
tx_0004419,2025-06-19 09:31:46,MCD,251.22,848.0,buy,NYSE
tx_0002721,2025-06-19 09:31:48,MA,347.2,419.0,buy,NYSE
tx_0002447,2025-06-19 09:31:50,BRK.B,282.71,383.0,buy,NYSE
tx_0005721,2025-06-19 09:31:51,NVDA,201.86,167.0,buy,NASDAQ
tx_0008271,2025-06-19 09:31:54,PYPL,250.42,639.0,sell,NASDAQ
tx_0002121,2025-06-19 09:31:55,BRK.B,278.42,358.0,sell,NYSE
tx_0007028,2025-06-19 09:31:57,PEP,149.84,771.0,sell,NYSE
tx_0002361,2025-06-19 09:31:58,KO,55.01,353.0,sell,NYSE
tx_0001110,2025-06-19 09:31:59,V,220.37,71.0,buy,NYSE
tx_0004408,2025-06-19 09:32:00,PG,139.96,706.0,sell,NYSE
tx_0008020,2025-06-19 09:32:01,NFLX,499.06,658.0,buy,NASDAQ
tx_0003401,2025-06-19 09:32:02,V,223.57,740.0,buy,NYSE
tx_0002644,2025-06-19 09:32:09,V,221.46,591.0,buy,NYSE
tx_0000823,2025-06-19 09:32:11,MSFT,300.69,664.0,sell,NASDAQ
tx_0009207,2025-06-19 09:32:13,MCD,249.05,575.0,buy,NYSE
tx_0001432,2025-06-19 09:32:13,GOOGL,2815.54,731.0,buy,NASDAQ
tx_0004515,2025-06-19 09:32:16,JNJ,169.35,761.0,buy,NYSE
tx_0007410,2025-06-19 09:32:19,MCD,249.86,43.0,buy,NYSE
tx_0004202,2025-06-19 09:32:21,DIS,181.08,423.0,sell,NYSE
tx_0008231,2025-06-19 09:32:24,AMZN,3506.15,300.0,sell,NASDAQ
tx_0007461,2025-06-19 09:32:27,FB,330.37,370.0,buy,NASDAQ
tx_0005122,2025-06-19 09:32:27,NVDA,198.92,964.0,sell,NASDAQ
tx_0000872,2025-06-19 09:32:28,MSFT,300.85,333.0,sell,NASDAQ
tx_0009280,2025-06-19 09:32:29,AAPL,151.64,220.0,buy,NASDAQ
tx_0008691,2025-06-19 09:32:30,PEP,150.94,88.0,sell,NYSE
tx_0002919,2025-06-19 09:32:30,KO,54.77,504.0,buy,NYSE
tx_0000861,2025-06-19 09:32:31,GOOGL,2813.09,228.0,buy,NASDAQ
tx_0000178,2025-06-19 09:32:32,BRK.B,278.57,385.0,sell,NYSE
tx_0005314,2025-06-19 09:32:32,BRK.B,283.93,114.0,sell,NYSE
tx_0004972,2025-06-19 09:32:32,MA,351.71,330.0,sell,NYSE
tx_0006333,2025-06-19 09:32:38,BRK.B,279.3,876.0,sell,NYSE
tx_0001770,2025-06-19 09:32:38,JNJ,170.57,797.0,sell,NYSE
tx_0001709,2025-06-19 09:32:43,FB,333.39,249.0,sell,NASDAQ
tx_0007236,2025-06-19 09:32:46,AAPL,149.48,181.0,buy,NASDAQ
tx_0008151,2025-06-19 09:32:47,NFLX,501.23,981.0,buy,NASDAQ
tx_0007928,2025-06-19 09:32:53,MA,349.57,894.0,sell,NYSE
tx_0005990,2025-06-19 09:32:56,BRK.B,282.27,679.0,sell,NYSE
tx_0007623,2025-06-19 09:32:56,V,221.85,796.0,buy,NYSE
tx_0005056,2025-06-19 09:32:57,PYPL,251.69,194.0,buy,NASDAQ
tx_0006384,2025-06-19 09:33:03,BRK.B,280.54,622.0,sell,NYSE
tx_0008959,2025-06-19 09:33:05,PYPL,249.73,167.0,buy,NASDAQ
tx_0002388,2025-06-19 09:33:05,KO,55.56,787.0,buy,NYSE
tx_0001877,2025-06-19 09:33:06,GOOGL,2802.61,515.0,sell,NASDAQ
tx_0004904,2025-06-19 09:33:08,PYPL,250.1,780.0,sell,NASDAQ
tx_0005315,2025-06-19 09:33:09,BRK.B,282.34,684.0,sell,NYSE
tx_0002516,2025-06-19 09:33:09,AAPL,149.21,10.0,sell,NASDAQ
tx_0004329,2025-06-19 09:33:15,WMT,139.66,737.0,sell,NYSE
tx_0001981,2025-06-19 09:33:16,V,220.72,89.0,sell,NYSE
tx_0008438,2025-06-19 09:33:18,MSFT,299.9,769.0,buy,NASDAQ
tx_0003934,2025-06-19 09:33:20,MSFT,301.57,595.0,buy,NASDAQ
tx_0007004,2025-06-19 09:33:21,MCD,251.51,72.0,sell,NYSE
tx_0005545,2025-06-19 09:33:23,PG,138.79,489.0,buy,NYSE
tx_0003347,2025-06-19 09:33:24,FB,331.85,794.0,sell,NASDAQ
tx_0002857,2025-06-19 09:33:24,TSLA,685.9,800.0,buy,NASDAQ
tx_0001576,2025-06-19 09:33:25,AAPL,151.15,490.0,buy,NASDAQ
tx_0002003,2025-06-19 09:33:30,PEP,151.48,984.0,buy,NYSE
tx_0007107,2025-06-19 09:33:34,ADBE,600.26,485.0,sell,NASDAQ
tx_0001980,2025-06-19 09:33:39,JNJ,170.46,739.0,,NYSE
tx_0009707,2025-06-19 09:33:41,PG,137.84,387.0,buy,NYSE
tx_0000855,2025-06-19 09:33:42,MSFT,,441.0,buy,NASDAQ
tx_0004777,2025-06-19 09:33:44,NVDA,201.28,559.0,buy,NASDAQ
tx_0000966,2025-06-19 09:33:44,PEP,149.61,888.0,buy,NYSE
tx_0005104,2025-06-19 09:33:48,PYPL,248.06,426.0,buy,NASDAQ
tx_0005450,2025-06-19 09:33:50,AMZN,3490.62,384.0,buy,NASDAQ
tx_0009117,2025-06-19 09:33:51,BRK.B,280.93,956.0,sell,NYSE
tx_0009393,2025-06-19 09:34:01,V,221.03,647.0,sell,NYSE
tx_0003689,2025-06-19 09:34:05,NVDA,201.37,810.0,buy,NASDAQ
tx_0006504,2025-06-19 09:34:07,WMT,140.26,740.0,sell,NYSE
tx_0006942,2025-06-19 09:34:09,KO,55.49,893.0,sell,NYSE
tx_0008566,2025-06-19 09:34:11,V,221.01,280.0,buy,NYSE
tx_0005635,2025-06-19 09:34:16,FB,329.11,167.0,buy,NASDAQ
tx_0006483,2025-06-19 09:34:21,MCD,251.47,679.0,buy,NYSE
tx_0009502,2025-06-19 09:34:21,KO,55.84,174.0,sell,NYSE
tx_0000139,2025-06-19 09:34:23,AMZN,3493.41,222.0,sell,NASDAQ
tx_0006367,2025-06-19 09:34:30,NFLX,506.69,437.0,sell,NASDAQ
tx_0007723,2025-06-19 09:34:31,MA,351.41,163.0,buy,NYSE
tx_0004050,2025-06-19 09:34:32,KO,54.85,,sell,NYSE
tx_0007984,2025-06-19 09:34:33,ADBE,604.4,291.0,sell,NASDAQ
tx_0007966,2025-06-19 09:34:33,MA,,339.0,sell,NYSE
tx_0001451,2025-06-19 09:34:34,JNJ,170.75,911.0,buy,NYSE
tx_0006264,2025-06-19 09:34:37,KO,54.95,469.0,sell,NYSE
tx_0005564,2025-06-19 09:34:37,FB,327.85,350.0,buy,NASDAQ
tx_0004865,2025-06-19 09:34:43,KO,54.98,813.0,buy,NYSE
tx_0004653,2025-06-19 09:34:47,PG,139.74,10.0,sell,NYSE
tx_0003307,2025-06-19 09:34:49,GOOGL,2835.99,659.0,buy,NASDAQ
tx_0001657,2025-06-19 09:34:50,PYPL,251.21,818.0,buy,NASDAQ
tx_0004849,2025-06-19 09:34:53,GOOGL,2802.37,768.0,buy,NASDAQ
tx_0002692,2025-06-19 09:34:54,KO,54.94,801.0,buy,NYSE
tx_0004077,2025-06-19 09:34:57,MA,353.58,511.0,sell,NYSE
tx_0004785,2025-06-19 09:34:59,AMZN,3513.37,331.0,sell,NASDAQ
tx_0008823,2025-06-19 09:35:00,NFLX,504.81,95.0,buy,NASDAQ
tx_0005887,2025-06-19 09:35:04,MSFT,,948.0,buy,NASDAQ
tx_0002567,2025-06-19 09:35:11,AAPL,150.03,856.0,sell,NASDAQ
tx_0002446,2025-06-19 09:35:18,FB,332.99,501.0,sell,NASDAQ
tx_0006335,2025-06-19 09:35:19,NFLX,505.85,177.0,buy,NASDAQ
tx_0009240,2025-06-19 09:35:24,GOOGL,2842.31,472.0,sell,NASDAQ
tx_0009671,2025-06-19 09:35:27,PYPL,251.21,172.0,sell,NASDAQ
tx_0001359,2025-06-19 09:35:28,MA,353.57,415.0,sell,NYSE
tx_0003551,2025-06-19 09:35:29,MA,350.21,949.0,buy,NYSE
tx_0004351,2025-06-19 09:35:29,V,222.15,473.0,sell,NYSE
tx_0009697,2025-06-19 09:35:35,PEP,151.49,785.0,sell,NYSE
tx_0002539,2025-06-19 09:35:36,BRK.B,277.72,731.0,sell,NYSE
tx_0004375,2025-06-19 09:35:36,V,221.38,940.0,sell,NYSE
tx_0006466,2025-06-19 09:35:37,NVDA,199.46,,sell,NASDAQ
tx_0009807,2025-06-19 09:35:37,MCD,253.0,219.0,sell,NYSE
tx_0008312,2025-06-19 09:35:37,NFLX,501.15,170.0,buy,NASDAQ
tx_0006035,2025-06-19 09:35:39,V,225.5,970.0,sell,NYSE
tx_0009152,2025-06-19 09:35:40,PEP,150.82,398.0,buy,NYSE
tx_0000445,2025-06-19 09:35:42,V,223.98,323.0,buy,NYSE
tx_0005366,2025-06-19 09:35:42,PEP,150.26,977.0,buy,NYSE
tx_0006107,2025-06-19 09:35:42,TSLA,687.85,973.0,buy,NASDAQ
tx_0004514,2025-06-19 09:35:49,TSLA,684.33,262.0,buy,NASDAQ
tx_0009119,2025-06-19 09:35:50,JNJ,170.55,613.0,buy,NYSE
tx_0007394,2025-06-19 09:35:53,ADBE,604.6,586.0,buy,NASDAQ
tx_0005253,2025-06-19 09:35:55,JNJ,169.49,701.0,sell,NYSE
tx_0007421,2025-06-19 09:35:58,NFLX,500.74,274.0,sell,NASDAQ
tx_0007573,2025-06-19 09:36:00,PEP,151.79,713.0,buy,NYSE
tx_0000157,2025-06-19 09:36:01,MCD,251.18,854.0,sell,NYSE
tx_0009196,2025-06-19 09:36:01,MA,352.78,32.0,buy,NYSE
tx_0003430,2025-06-19 09:36:02,FB,327.82,932.0,buy,NASDAQ
tx_0002047,2025-06-19 09:36:02,GOOGL,2863.6,85.0,buy,NASDAQ
tx_0006667,2025-06-19 09:36:04,FB,333.49,820.0,sell,NASDAQ
tx_0006997,2025-06-19 09:36:04,V,222.68,145.0,buy,NYSE
tx_0005693,2025-06-19 09:36:08,TSLA,688.79,249.0,buy,NASDAQ
tx_0002258,2025-06-19 09:36:10,ADBE,606.21,907.0,sell,NASDAQ
tx_0004404,2025-06-19 09:36:16,TSLA,687.01,41.0,sell,NASDAQ
tx_0005365,2025-06-19 09:36:17,KO,55.2,190.0,sell,NYSE
tx_0000411,2025-06-19 09:36:17,MA,352.71,117.0,buy,NYSE
tx_0003726,2025-06-19 09:36:21,NFLX,502.59,,sell,NASDAQ
tx_0006794,2025-06-19 09:36:22,KO,54.67,589.0,sell,NYSE
tx_0000549,2025-06-19 09:36:25,AMZN,3495.0,547.0,buy,NASDAQ
tx_0003069,2025-06-19 09:36:25,NFLX,503.85,773.0,sell,NASDAQ
tx_0004138,2025-06-19 09:36:27,PG,137.55,35.0,buy,NYSE
tx_0004857,2025-06-19 09:36:28,DIS,178.18,32.0,buy,NYSE
tx_0006902,2025-06-19 09:36:35,AAPL,150.48,601.0,sell,NASDAQ
tx_0003131,2025-06-19 09:36:36,PEP,150.91,533.0,sell,NYSE
tx_0009870,2025-06-19 09:36:38,V,,498.0,sell,NYSE
tx_0008639,2025-06-19 09:36:43,AAPL,151.81,561.0,sell,NASDAQ
tx_0006693,2025-06-19 09:36:46,ADBE,599.62,670.0,buy,NASDAQ
tx_0004680,2025-06-19 09:36:52,MSFT,303.58,415.0,sell,NASDAQ
tx_0001727,2025-06-19 09:36:52,GOOGL,2844.81,388.0,sell,NASDAQ
tx_0002664,2025-06-19 09:36:55,PYPL,249.18,177.0,sell,NASDAQ
tx_0000959,2025-06-19 09:37:02,NFLX,499.43,160.0,buy,NASDAQ
tx_0008335,2025-06-19 09:37:03,PYPL,250.06,559.0,buy,NASDAQ
tx_0000482,2025-06-19 09:37:06,MCD,251.79,392.0,buy,NYSE
tx_0008157,2025-06-19 09:37:09,AAPL,149.66,895.0,buy,NASDAQ
tx_0002453,2025-06-19 09:37:10,KO,55.25,565.0,buy,NYSE
tx_0005291,2025-06-19 09:37:10,PEP,150.81,248.0,buy,NYSE
tx_0000243,2025-06-19 09:37:11,PYPL,248.37,490.0,buy,NASDAQ
tx_0003553,2025-06-19 09:37:14,WMT,140.71,476.0,sell,NYSE
tx_0007559,2025-06-19 09:37:14,BRK.B,280.24,172.0,buy,NYSE
tx_0004712,2025-06-19 09:37:18,MCD,252.85,215.0,sell,NYSE
tx_0009569,2025-06-19 09:37:20,PG,138.23,120.0,buy,NYSE
tx_0004120,2025-06-19 09:37:23,PEP,151.43,687.0,sell,NYSE
tx_0001846,2025-06-19 09:37:23,ADBE,600.01,769.0,buy,NASDAQ
tx_0002552,2025-06-19 09:37:23,AMZN,3501.34,86.0,sell,NASDAQ
tx_0006651,2025-06-19 09:37:24,ADBE,606.26,780.0,sell,NASDAQ
tx_0003692,2025-06-19 09:37:28,PEP,149.57,802.0,buy,NYSE
tx_0004187,2025-06-19 09:37:31,PEP,150.23,703.0,sell,NYSE
tx_0007467,2025-06-19 09:37:32,AAPL,149.25,632.0,buy,NASDAQ
tx_0000728,2025-06-19 09:37:37,KO,54.6,6.0,buy,NYSE
tx_0002346,2025-06-19 09:37:39,NVDA,197.16,678.0,buy,NASDAQ
tx_0000249,2025-06-19 09:37:41,PYPL,251.07,636.0,buy,NASDAQ
tx_0007522,2025-06-19 09:37:41,PYPL,248.28,955.0,buy,NASDAQ
tx_0004717,2025-06-19 09:37:42,MSFT,302.45,889.0,buy,NASDAQ
tx_0009239,2025-06-19 09:37:45,DIS,180.84,900.0,sell,NYSE
tx_0002641,2025-06-19 09:37:49,NFLX,500.1,328.0,sell,NASDAQ
tx_0003555,2025-06-19 09:37:52,DIS,179.66,840.0,buy,NYSE
tx_0007169,2025-06-19 09:38:03,NVDA,199.6,834.0,sell,NASDAQ
tx_0004727,2025-06-19 09:38:04,AMZN,3500.08,523.0,buy,NASDAQ
tx_0007102,2025-06-19 09:38:09,NFLX,498.51,275.0,buy,NASDAQ
tx_0002248,2025-06-19 09:38:13,AMZN,3517.16,29.0,buy,NASDAQ
tx_0003042,2025-06-19 09:38:15,NVDA,199.81,832.0,buy,NASDAQ
tx_0005766,2025-06-19 09:38:17,AMZN,3542.68,594.0,buy,NASDAQ
tx_0002659,2025-06-19 09:38:19,NVDA,200.8,951.0,buy,NASDAQ
tx_0006197,2025-06-19 09:38:20,AMZN,3508.05,987.0,buy,NASDAQ
tx_0008417,2025-06-19 09:38:20,MA,355.63,506.0,sell,NYSE
tx_0004691,2025-06-19 09:38:22,NVDA,200.81,952.0,buy,NASDAQ
tx_0005507,2025-06-19 09:38:23,WMT,140.48,83.0,sell,NYSE
tx_0003835,2025-06-19 09:38:25,MSFT,301.71,796.0,buy,NASDAQ
tx_0006359,2025-06-19 09:38:28,NFLX,500.01,302.0,sell,NASDAQ
tx_0007772,2025-06-19 09:38:31,V,222.97,56.0,sell,NYSE
tx_0005432,2025-06-19 09:38:39,GOOGL,2828.93,168.0,buy,NASDAQ
tx_0007940,2025-06-19 09:38:44,AAPL,150.25,752.0,sell,NASDAQ
tx_0001462,2025-06-19 09:38:46,BRK.B,276.9,646.0,sell,NYSE
tx_0002647,2025-06-19 09:38:47,MCD,250.03,769.0,sell,NYSE
tx_0008208,2025-06-19 09:38:50,MA,353.52,557.0,sell,NYSE
tx_0009797,2025-06-19 09:38:52,MSFT,303.27,172.0,sell,NASDAQ
tx_0008467,2025-06-19 09:38:54,MSFT,301.69,693.0,buy,NASDAQ
tx_0000632,2025-06-19 09:38:56,MSFT,299.87,338.0,sell,NASDAQ
tx_0005124,2025-06-19 09:39:06,WMT,141.51,936.0,buy,NYSE
tx_0002454,2025-06-19 09:39:07,MA,354.23,861.0,sell,NYSE
tx_0009248,2025-06-19 09:39:08,KO,54.85,69.0,sell,NYSE
tx_0001136,2025-06-19 09:39:09,BRK.B,279.88,594.0,buy,NYSE
tx_0000903,2025-06-19 09:39:09,AAPL,151.67,29.0,buy,NASDAQ
tx_0006005,2025-06-19 09:39:13,TSLA,691.56,8.0,buy,NASDAQ
tx_0000291,2025-06-19 09:39:15,V,225.48,115.0,buy,NYSE
tx_0008994,2025-06-19 09:39:16,FB,328.66,743.0,buy,NASDAQ
tx_0006620,2025-06-19 09:39:25,MSFT,301.9,343.0,buy,NASDAQ
tx_0007525,2025-06-19 09:39:28,NVDA,199.89,32.0,buy,NASDAQ
tx_0003787,2025-06-19 09:39:30,ADBE,600.13,803.0,buy,NASDAQ
tx_0006681,2025-06-19 09:39:31,PEP,151.11,559.0,buy,NYSE
tx_0007765,2025-06-19 09:39:33,MA,355.39,68.0,buy,NYSE
tx_0008143,2025-06-19 09:39:39,FB,328.51,67.0,sell,NASDAQ
tx_0008924,2025-06-19 09:39:40,BRK.B,278.1,80.0,buy,NYSE
tx_0004592,2025-06-19 09:39:42,PEP,149.07,557.0,sell,NYSE
tx_0002096,2025-06-19 09:39:44,PYPL,246.38,450.0,sell,NASDAQ
tx_0006263,2025-06-19 09:39:50,WMT,140.35,473.0,sell,NYSE
tx_0001243,2025-06-19 09:39:53,PEP,150.82,149.0,buy,NYSE
tx_0003672,2025-06-19 09:39:58,MSFT,299.02,421.0,buy,NASDAQ
tx_0006480,2025-06-19 09:39:59,JNJ,170.33,580.0,sell,NYSE
tx_0002257,2025-06-19 09:40:00,DIS,181.77,33.0,buy,NYSE
tx_0002947,2025-06-19 09:40:07,PYPL,249.49,607.0,sell,NASDAQ
tx_0004658,2025-06-19 09:40:10,BRK.B,279.46,597.0,buy,NYSE
tx_0004067,2025-06-19 09:40:11,TSLA,697.29,432.0,sell,NASDAQ
tx_0007912,2025-06-19 09:40:12,AAPL,151.56,461.0,buy,NASDAQ
tx_0009053,2025-06-19 09:40:22,JNJ,172.38,315.0,sell,NYSE
tx_0005523,2025-06-19 09:40:25,PEP,151.11,308.0,sell,NYSE
tx_0006416,2025-06-19 09:40:27,JNJ,172.29,651.0,sell,NYSE
tx_0003694,2025-06-19 09:40:30,BRK.B,283.09,505.0,buy,NYSE
tx_0007748,2025-06-19 09:40:37,FB,326.52,726.0,sell,NASDAQ
tx_0005987,2025-06-19 09:40:39,JNJ,174.02,954.0,sell,NYSE
tx_0002307,2025-06-19 09:40:39,NFLX,501.75,279.0,sell,NASDAQ
tx_0003962,2025-06-19 09:40:40,MA,353.92,941.0,sell,NYSE
tx_0001729,2025-06-19 09:40:44,AAPL,152.2,36.0,buy,NASDAQ
tx_0008075,2025-06-19 09:40:46,MSFT,298.77,757.0,buy,NASDAQ
tx_0002598,2025-06-19 09:40:49,NFLX,504.04,71.0,sell,NASDAQ
tx_0008589,2025-06-19 09:40:51,BRK.B,280.85,495.0,,NYSE
tx_0005285,2025-06-19 09:40:52,KO,55.57,508.0,buy,NYSE
tx_0008113,2025-06-19 09:40:54,PG,140.18,123.0,buy,NYSE
tx_0007252,2025-06-19 09:40:55,NVDA,199.15,724.0,buy,NASDAQ
tx_0003220,2025-06-19 09:40:58,NVDA,198.17,934.0,buy,NASDAQ
tx_0002794,2025-06-19 09:40:58,PEP,149.49,559.0,buy,NYSE
tx_0009891,2025-06-19 09:41:02,NFLX,505.64,158.0,sell,NASDAQ
tx_0002988,2025-06-19 09:41:04,BRK.B,279.25,136.0,buy,NYSE
tx_0000313,2025-06-19 09:41:05,TSLA,688.51,593.0,buy,NASDAQ
tx_0000554,2025-06-19 09:41:11,FB,326.2,873.0,buy,NASDAQ
tx_0005426,2025-06-19 09:41:11,PG,139.49,944.0,sell,NYSE
tx_0008640,2025-06-19 09:41:12,AAPL,151.34,325.0,sell,NASDAQ
tx_0003177,2025-06-19 09:41:13,MCD,252.15,139.0,sell,NYSE
tx_0000172,2025-06-19 09:41:15,V,225.71,975.0,sell,NYSE
tx_0004324,2025-06-19 09:41:18,JNJ,173.65,443.0,buy,NYSE
tx_0009222,2025-06-19 09:41:22,AAPL,150.85,304.0,sell,NASDAQ
tx_0004941,2025-06-19 09:41:23,KO,55.57,635.0,sell,NYSE
tx_0006377,2025-06-19 09:41:23,JNJ,174.15,776.0,sell,NYSE
tx_0003705,2025-06-19 09:41:29,TSLA,691.44,530.0,buy,NASDAQ
tx_0006618,2025-06-19 09:41:31,PEP,149.61,41.0,sell,NYSE
tx_0006554,2025-06-19 09:41:31,PG,138.67,463.0,buy,NYSE
tx_0006340,2025-06-19 09:41:34,AAPL,151.08,321.0,buy,NASDAQ
tx_0009192,2025-06-19 09:41:41,PG,138.86,322.0,buy,NYSE
tx_0005996,2025-06-19 09:41:43,MSFT,298.48,25.0,sell,NASDAQ
tx_0004621,2025-06-19 09:41:44,NVDA,197.11,146.0,sell,NASDAQ
tx_0002463,2025-06-19 09:41:44,AMZN,3527.03,370.0,sell,NASDAQ
tx_0000685,2025-06-19 09:41:48,PEP,148.56,250.0,sell,NYSE
tx_0007752,2025-06-19 09:41:48,PEP,150.3,307.0,buy,NYSE
tx_0003649,2025-06-19 09:41:49,ADBE,592.49,509.0,buy,NASDAQ
tx_0000479,2025-06-19 09:41:49,TSLA,692.21,391.0,buy,NASDAQ
tx_0002323,2025-06-19 09:41:55,BRK.B,280.48,864.0,buy,NYSE
tx_0006817,2025-06-19 09:41:55,MSFT,301.67,46.0,sell,NASDAQ
tx_0001135,2025-06-19 09:42:07,KO,55.02,423.0,sell,NYSE
tx_0006321,2025-06-19 09:42:08,TSLA,699.73,400.0,buy,NASDAQ
tx_0003130,2025-06-19 09:42:10,AMZN,3528.64,310.0,buy,NASDAQ
tx_0007861,2025-06-19 09:42:13,FB,327.51,588.0,sell,NASDAQ
tx_0001850,2025-06-19 09:42:17,PEP,151.23,708.0,buy,NYSE
tx_0004731,2025-06-19 09:42:19,ADBE,596.69,442.0,buy,NASDAQ
tx_0009309,2025-06-19 09:42:20,AAPL,151.74,845.0,buy,NASDAQ
tx_0004945,2025-06-19 09:42:21,DIS,181.6,83.0,buy,NYSE
tx_0003505,2025-06-19 09:42:21,KO,54.93,186.0,buy,NYSE
tx_0007115,2025-06-19 09:42:22,NVDA,197.67,266.0,sell,NASDAQ
tx_0000042,2025-06-19 09:42:22,PYPL,249.17,59.0,buy,NASDAQ
tx_0000051,2025-06-19 09:42:28,KO,55.73,361.0,sell,NYSE
tx_0006185,2025-06-19 09:42:30,ADBE,595.83,800.0,sell,NASDAQ
tx_0006135,2025-06-19 09:42:31,MSFT,299.59,764.0,sell,NASDAQ
tx_0008703,2025-06-19 09:42:31,BRK.B,281.34,99.0,buy,NYSE
tx_0004393,2025-06-19 09:42:35,FB,333.2,797.0,sell,NASDAQ
tx_0008793,2025-06-19 09:42:39,V,224.73,143.0,sell,NYSE
tx_0005096,2025-06-19 09:42:43,GOOGL,2845.78,,sell,NASDAQ
tx_0003734,2025-06-19 09:42:50,JNJ,174.24,569.0,sell,NYSE
tx_0008495,2025-06-19 09:42:52,BRK.B,281.83,651.0,sell,NYSE
tx_0009900,2025-06-19 09:42:54,AAPL,151.3,387.0,sell,NASDAQ
tx_0006139,2025-06-19 09:42:56,JNJ,173.76,936.0,buy,NYSE
tx_0000792,2025-06-19 09:42:57,KO,55.13,904.0,sell,NYSE
tx_0001756,2025-06-19 09:43:00,DIS,183.91,399.0,,NYSE
tx_0008056,2025-06-19 09:43:01,AMZN,3531.77,757.0,buy,NASDAQ
tx_0000568,2025-06-19 09:43:03,V,222.8,776.0,buy,NYSE
tx_0007576,2025-06-19 09:43:12,TSLA,691.82,79.0,buy,NASDAQ
tx_0004880,2025-06-19 09:43:16,KO,55.86,261.0,buy,NYSE
tx_0001912,2025-06-19 09:43:16,MSFT,300.83,620.0,sell,NASDAQ
tx_0008560,2025-06-19 09:43:20,TSLA,695.52,604.0,sell,NASDAQ
tx_0000742,2025-06-19 09:43:21,V,222.17,849.0,sell,NYSE
tx_0005722,2025-06-19 09:43:21,PG,138.58,265.0,sell,NYSE
tx_0001918,2025-06-19 09:43:23,PEP,150.39,388.0,buy,NYSE
tx_0005730,2025-06-19 09:43:23,BRK.B,284.76,963.0,sell,NYSE
tx_0006610,2025-06-19 09:43:30,FB,331.03,571.0,sell,NASDAQ
tx_0000939,2025-06-19 09:43:30,TSLA,694.15,963.0,buy,NASDAQ
tx_0004274,2025-06-19 09:43:32,PEP,152.27,10.0,buy,NYSE
tx_0003323,2025-06-19 09:43:32,AMZN,3533.33,404.0,buy,NASDAQ
tx_0003912,2025-06-19 09:43:36,WMT,142.14,84.0,sell,NYSE
tx_0003212,2025-06-19 09:43:37,NVDA,197.82,127.0,sell,NASDAQ
tx_0004525,2025-06-19 09:43:38,PEP,152.11,63.0,sell,NYSE
tx_0000503,2025-06-19 09:43:39,BRK.B,280.6,844.0,sell,NYSE
tx_0004076,2025-06-19 09:43:40,TSLA,691.46,143.0,buy,NASDAQ
tx_0009676,2025-06-19 09:43:40,JNJ,172.43,168.0,buy,NYSE
tx_0007630,2025-06-19 09:43:40,FB,327.59,217.0,sell,NASDAQ
tx_0001920,2025-06-19 09:43:43,MCD,252.31,766.0,sell,NYSE
tx_0000302,2025-06-19 09:43:45,DIS,181.59,403.0,buy,NYSE
tx_0006068,2025-06-19 09:43:49,V,222.84,130.0,sell,NYSE
tx_0005170,2025-06-19 09:43:49,TSLA,699.33,721.0,buy,NASDAQ
tx_0002128,2025-06-19 09:43:50,MA,352.28,508.0,sell,NYSE
tx_0009990,2025-06-19 09:43:57,V,224.79,880.0,buy,NYSE
tx_0002502,2025-06-19 09:43:58,AAPL,150.84,363.0,sell,NASDAQ
tx_0007582,2025-06-19 09:44:00,MSFT,298.88,38.0,sell,NASDAQ
tx_0002998,2025-06-19 09:44:03,WMT,141.05,411.0,sell,NYSE
tx_0003718,2025-06-19 09:44:04,FB,329.86,138.0,sell,NASDAQ
tx_0002924,2025-06-19 09:44:15,MCD,251.68,210.0,buy,NYSE
tx_0003012,2025-06-19 09:44:15,PYPL,249.18,996.0,sell,NASDAQ
tx_0008130,2025-06-19 09:44:15,WMT,142.47,247.0,sell,NYSE
tx_0008282,2025-06-19 09:44:18,AAPL,151.56,412.0,buy,NASDAQ
tx_0008050,2025-06-19 09:44:25,WMT,139.68,208.0,sell,NYSE
tx_0008339,2025-06-19 09:44:25,PEP,150.51,697.0,buy,NYSE
tx_0000552,2025-06-19 09:44:27,PEP,150.21,67.0,sell,NYSE
tx_0001941,2025-06-19 09:44:29,MCD,251.42,986.0,buy,NYSE
tx_0005548,2025-06-19 09:44:33,MCD,249.75,317.0,sell,NYSE
tx_0003041,2025-06-19 09:44:34,MA,347.74,328.0,buy,NYSE
tx_0003361,2025-06-19 09:44:35,PG,140.98,528.0,buy,NYSE
tx_0001573,2025-06-19 09:44:36,GOOGL,2832.53,363.0,sell,NASDAQ
tx_0002045,2025-06-19 09:44:39,WMT,140.6,41.0,buy,NYSE
tx_0001264,2025-06-19 09:44:39,ADBE,594.32,491.0,sell,
tx_0002766,2025-06-19 09:44:54,MSFT,301.03,941.0,sell,NASDAQ
tx_0000892,2025-06-19 09:44:55,MA,350.74,724.0,sell,NYSE
tx_0008205,2025-06-19 09:45:01,GOOGL,2832.22,930.0,buy,NASDAQ
tx_0007101,2025-06-19 09:45:06,FB,332.88,951.0,buy,NASDAQ
tx_0004189,2025-06-19 09:45:08,WMT,139.89,221.0,sell,NYSE
tx_0005508,2025-06-19 09:45:09,MA,349.71,545.0,buy,NYSE
tx_0005757,2025-06-19 09:45:10,V,221.14,453.0,sell,NYSE
tx_0009035,2025-06-19 09:45:12,PYPL,247.27,570.0,sell,NASDAQ
tx_0003034,2025-06-19 09:45:14,WMT,142.54,714.0,sell,NYSE
tx_0000028,2025-06-19 09:45:15,MSFT,297.26,813.0,buy,NASDAQ
tx_0008012,2025-06-19 09:45:15,DIS,182.84,699.0,sell,NYSE
tx_0000425,2025-06-19 09:45:18,KO,55.19,113.0,sell,NYSE
tx_0004718,2025-06-19 09:45:22,PG,140.68,210.0,buy,NYSE
tx_0000463,2025-06-19 09:45:26,V,221.58,737.0,sell,NYSE
tx_0001161,2025-06-19 09:45:26,DIS,179.83,264.0,sell,NYSE
tx_0004426,2025-06-19 09:45:27,NFLX,499.93,524.0,sell,NASDAQ
tx_0002231,2025-06-19 09:45:27,FB,331.25,860.0,buy,NASDAQ
tx_0000667,2025-06-19 09:45:30,DIS,180.23,948.0,buy,NYSE
tx_0001206,2025-06-19 09:45:30,GOOGL,2838.46,724.0,buy,NASDAQ
tx_0004524,2025-06-19 09:45:30,MA,353.82,108.0,sell,NYSE
tx_0005349,2025-06-19 09:45:31,JNJ,175.49,879.0,buy,NYSE
tx_0001944,2025-06-19 09:45:33,BRK.B,278.83,577.0,sell,NYSE
tx_0004152,2025-06-19 09:45:34,NVDA,197.02,377.0,sell,NASDAQ
tx_0003190,2025-06-19 09:45:37,JNJ,175.01,51.0,sell,NYSE
tx_0006067,2025-06-19 09:45:40,MCD,252.06,714.0,buy,NYSE
tx_0004113,2025-06-19 09:45:41,PEP,150.24,338.0,sell,NYSE
tx_0000325,2025-06-19 09:45:42,MSFT,294.94,711.0,buy,NASDAQ
tx_0000025,2025-06-19 09:45:43,KO,55.8,416.0,sell,NYSE
tx_0002183,2025-06-19 09:45:43,GOOGL,2852.69,999.0,sell,NASDAQ
tx_0004852,2025-06-19 09:45:45,FB,332.64,361.0,sell,NASDAQ
tx_0002582,2025-06-19 09:45:45,JNJ,174.41,93.0,sell,NYSE
tx_0000347,2025-06-19 09:45:46,PG,139.87,613.0,sell,NYSE
tx_0003581,2025-06-19 09:45:51,FB,331.37,975.0,sell,NASDAQ
tx_0005687,2025-06-19 09:45:55,PEP,151.67,828.0,sell,NYSE
tx_0009101,2025-06-19 09:45:57,V,223.87,669.0,buy,NYSE
tx_0007145,2025-06-19 09:46:03,PG,139.35,795.0,sell,NYSE
tx_0003024,2025-06-19 09:46:03,TSLA,697.18,501.0,sell,NASDAQ
tx_0006834,2025-06-19 09:46:04,DIS,181.53,448.0,buy,NYSE
tx_0003204,2025-06-19 09:46:05,DIS,179.8,853.0,buy,NYSE
tx_0007408,2025-06-19 09:46:08,WMT,140.2,706.0,buy,NYSE
tx_0008576,2025-06-19 09:46:15,PYPL,246.47,920.0,buy,NASDAQ
tx_0006441,2025-06-19 09:46:17,AAPL,149.91,804.0,sell,NASDAQ
tx_0008263,2025-06-19 09:46:18,PG,140.76,478.0,sell,NYSE
tx_0002610,2025-06-19 09:46:18,GOOGL,2847.3,21.0,buy,NASDAQ
tx_0005011,2025-06-19 09:46:23,GOOGL,2842.82,719.0,buy,NASDAQ
tx_0000180,2025-06-19 09:46:25,PYPL,245.44,869.0,sell,NASDAQ
tx_0000322,2025-06-19 09:46:27,NFLX,502.96,596.0,sell,NASDAQ
tx_0009299,2025-06-19 09:46:28,ADBE,591.08,695.0,buy,NASDAQ
tx_0009336,2025-06-19 09:46:28,PEP,151.55,920.0,buy,NYSE
tx_0005089,2025-06-19 09:46:29,GOOGL,2842.33,549.0,buy,NASDAQ
tx_0009456,2025-06-19 09:46:36,BRK.B,282.2,183.0,sell,NYSE
tx_0008995,2025-06-19 09:46:37,AMZN,3484.1,911.0,sell,NASDAQ
tx_0009306,2025-06-19 09:46:38,MCD,249.96,213.0,buy,NYSE
tx_0009820,2025-06-19 09:46:44,NFLX,499.75,320.0,buy,NASDAQ
tx_0009369,2025-06-19 09:46:45,WMT,143.09,742.0,sell,NYSE
tx_0002695,2025-06-19 09:46:48,TSLA,692.65,90.0,sell,NASDAQ
tx_0006191,2025-06-19 09:46:56,WMT,143.01,256.0,buy,NYSE
tx_0008121,2025-06-19 09:46:56,AAPL,152.8,510.0,sell,NASDAQ
tx_0009803,2025-06-19 09:46:57,PG,139.62,120.0,sell,NYSE
tx_0008460,2025-06-19 09:46:58,WMT,141.43,636.0,sell,NYSE
tx_0001869,2025-06-19 09:46:58,JNJ,175.49,888.0,buy,NYSE
tx_0005868,2025-06-19 09:47:01,BRK.B,280.92,836.0,sell,NYSE
tx_0006627,2025-06-19 09:47:01,AMZN,3476.66,667.0,buy,NASDAQ
tx_0001464,2025-06-19 09:47:01,V,220.85,234.0,buy,NYSE
tx_0002122,2025-06-19 09:47:05,DIS,179.39,811.0,buy,NYSE
tx_0000668,2025-06-19 09:47:06,NFLX,502.29,549.0,buy,NASDAQ
tx_0000938,2025-06-19 09:47:07,MSFT,297.9,848.0,buy,NASDAQ
tx_0003334,2025-06-19 09:47:07,FB,331.13,273.0,sell,NASDAQ
tx_0009499,2025-06-19 09:47:09,MSFT,294.52,408.0,sell,NASDAQ
tx_0005811,2025-06-19 09:47:19,NVDA,196.42,576.0,sell,NASDAQ
tx_0005704,2025-06-19 09:47:20,PYPL,,818.0,sell,NASDAQ
tx_0003550,2025-06-19 09:47:25,MA,349.42,772.0,buy,NYSE
tx_0007855,2025-06-19 09:47:29,FB,330.03,102.0,buy,NASDAQ
tx_0003638,2025-06-19 09:47:34,V,220.78,16.0,sell,NYSE
tx_0008473,2025-06-19 09:47:36,WMT,141.36,950.0,sell,NYSE
tx_0005032,2025-06-19 09:47:38,NVDA,196.18,610.0,buy,NASDAQ
tx_0002793,2025-06-19 09:47:39,PG,139.03,876.0,buy,NYSE
tx_0004673,2025-06-19 09:47:43,FB,333.29,392.0,sell,NASDAQ
tx_0006723,2025-06-19 09:47:45,BRK.B,280.63,994.0,buy,NYSE
tx_0001326,2025-06-19 09:47:51,MA,351.47,690.0,sell,NYSE
tx_0000095,2025-06-19 09:47:54,TSLA,698.41,180.0,buy,NASDAQ
tx_0007528,2025-06-19 09:48:02,MSFT,299.17,758.0,sell,NASDAQ
tx_0002247,2025-06-19 09:48:05,WMT,142.09,789.0,sell,NYSE
tx_0005481,2025-06-19 09:48:07,JNJ,176.11,504.0,sell,NYSE
tx_0001733,2025-06-19 09:48:10,PEP,149.23,691.0,sell,NYSE
tx_0000711,2025-06-19 09:48:12,DIS,178.41,588.0,sell,NYSE
tx_0008415,2025-06-19 09:48:13,AAPL,151.78,287.0,buy,NASDAQ
tx_0003728,2025-06-19 09:48:16,MCD,252.33,878.0,buy,NYSE
tx_0004789,2025-06-19 09:48:16,TSLA,700.01,52.0,sell,NASDAQ
tx_0004519,2025-06-19 09:48:18,BRK.B,281.76,300.0,buy,NYSE
tx_0003572,2025-06-19 09:48:19,V,220.15,888.0,buy,NYSE
tx_0009009,2025-06-19 09:48:22,AMZN,3480.02,568.0,sell,NASDAQ
tx_0002961,2025-06-19 09:48:24,PEP,151.58,902.0,buy,NYSE
tx_0003106,2025-06-19 09:48:25,BRK.B,282.73,994.0,sell,NYSE
tx_0003482,2025-06-19 09:48:25,DIS,180.04,575.0,buy,NYSE
tx_0009664,2025-06-19 09:48:28,WMT,141.23,62.0,sell,NYSE
tx_0009790,2025-06-19 09:48:28,FB,331.35,572.0,sell,NASDAQ
tx_0001317,2025-06-19 09:48:28,KO,56.54,605.0,buy,NYSE
tx_0003443,2025-06-19 09:48:29,PEP,151.4,209.0,buy,NYSE
tx_0006332,2025-06-19 09:48:30,PYPL,244.98,885.0,buy,NASDAQ
tx_0000542,2025-06-19 09:48:31,NFLX,504.79,576.0,sell,
tx_0007135,2025-06-19 09:48:41,PYPL,243.54,859.0,buy,NASDAQ
tx_0004036,2025-06-19 09:48:44,AMZN,3514.7,414.0,sell,NASDAQ
tx_0004982,2025-06-19 09:48:44,MCD,256.44,222.0,sell,NYSE
tx_0002804,2025-06-19 09:48:46,NFLX,498.9,189.0,buy,NASDAQ
tx_0006917,2025-06-19 09:48:48,BRK.B,278.68,623.0,buy,NYSE
tx_0006566,2025-06-19 09:48:48,DIS,179.74,421.0,sell,NYSE
tx_0006102,2025-06-19 09:48:50,MA,353.88,761.0,buy,NYSE
tx_0009416,2025-06-19 09:48:50,MSFT,297.09,358.0,buy,NASDAQ
tx_0007233,2025-06-19 09:48:50,ADBE,590.66,533.0,sell,NASDAQ
tx_0000955,2025-06-19 09:48:53,WMT,141.76,374.0,sell,NYSE
tx_0002063,2025-06-19 09:48:55,BRK.B,280.27,834.0,sell,NYSE
tx_0004111,2025-06-19 09:48:55,JNJ,,593.0,buy,NYSE
tx_0005601,2025-06-19 09:48:56,JNJ,174.55,118.0,buy,NYSE
tx_0004917,2025-06-19 09:48:57,PG,139.2,453.0,buy,NYSE
tx_0002027,2025-06-19 09:49:05,AAPL,151.07,182.0,sell,NASDAQ
tx_0008617,2025-06-19 09:49:06,PEP,150.8,289.0,sell,NYSE
tx_0009055,2025-06-19 09:49:08,DIS,180.62,369.0,buy,NYSE
tx_0008744,2025-06-19 09:49:09,DIS,179.65,492.0,sell,NYSE
tx_0001031,2025-06-19 09:49:16,V,218.53,70.0,sell,NYSE
tx_0001079,2025-06-19 09:49:17,NFLX,498.29,690.0,buy,NASDAQ
tx_0007324,2025-06-19 09:49:18,GOOGL,2810.34,485.0,buy,NASDAQ
tx_0002518,2025-06-19 09:49:22,BRK.B,280.9,624.0,sell,NYSE
tx_0006574,2025-06-19 09:49:24,KO,55.88,59.0,buy,NYSE
tx_0005915,2025-06-19 09:49:24,WMT,141.97,522.0,buy,NYSE
tx_0000755,2025-06-19 09:49:30,BRK.B,283.46,12.0,buy,NYSE
tx_0002860,2025-06-19 09:49:33,NVDA,197.76,685.0,buy,NASDAQ
tx_0009689,2025-06-19 09:49:36,BRK.B,279.53,487.0,buy,NYSE
tx_0006705,2025-06-19 09:49:50,JNJ,174.39,569.0,buy,NYSE
tx_0008137,2025-06-19 09:49:52,AMZN,3487.7,195.0,sell,NASDAQ
tx_0007214,2025-06-19 09:49:58,PYPL,246.04,82.0,buy,NASDAQ
tx_0009660,2025-06-19 09:50:01,MSFT,298.03,991.0,sell,NASDAQ
tx_0005577,2025-06-19 09:50:08,JNJ,173.39,221.0,buy,NYSE
tx_0002102,2025-06-19 09:50:14,KO,55.81,533.0,buy,NYSE
tx_0009890,2025-06-19 09:50:14,JNJ,173.36,170.0,sell,NYSE
tx_0006926,2025-06-19 09:50:14,GOOGL,2808.43,350.0,sell,NASDAQ
tx_0000523,2025-06-19 09:50:15,PEP,149.02,424.0,buy,NYSE
tx_0000406,2025-06-19 09:50:15,AAPL,151.37,422.0,sell,NASDAQ
tx_0002817,2025-06-19 09:50:30,DIS,181.52,4.0,sell,NYSE
tx_0000332,2025-06-19 09:50:33,GOOGL,2848.52,275.0,buy,NASDAQ
tx_0005786,2025-06-19 09:50:34,PEP,150.06,929.0,buy,NYSE
tx_0009100,2025-06-19 09:50:35,AAPL,150.22,300.0,sell,NASDAQ
tx_0006207,2025-06-19 09:50:39,V,219.58,740.0,sell,NYSE
tx_0009500,2025-06-19 09:50:41,BRK.B,284.61,793.0,sell,NYSE
tx_0002006,2025-06-19 09:50:41,GOOGL,2844.64,610.0,buy,NASDAQ
tx_0008808,2025-06-19 09:50:42,TSLA,693.76,829.0,buy,NASDAQ
tx_0000692,2025-06-19 09:50:42,DIS,179.43,956.0,buy,NYSE
tx_0005977,2025-06-19 09:50:43,MA,347.85,825.0,buy,NYSE
tx_0003157,2025-06-19 09:50:44,V,221.83,872.0,buy,NYSE
tx_0009777,2025-06-19 09:50:45,GOOGL,2864.54,4.0,sell,NASDAQ
tx_0009597,2025-06-19 09:50:51,AMZN,3506.06,23.0,sell,NASDAQ
tx_0005681,2025-06-19 09:50:51,JNJ,174.67,222.0,sell,NYSE
tx_0001091,2025-06-19 09:50:53,PEP,150.8,654.0,sell,NYSE
tx_0000455,2025-06-19 09:50:54,MA,351.49,445.0,sell,NYSE
tx_0007282,2025-06-19 09:50:56,MA,346.57,420.0,buy,NYSE
tx_0007436,2025-06-19 09:50:59,GOOGL,2835.35,171.0,sell,NASDAQ
tx_0001205,2025-06-19 09:51:05,MA,349.27,604.0,buy,NYSE
tx_0001581,2025-06-19 09:51:06,MCD,251.27,409.0,buy,NYSE
tx_0005378,2025-06-19 09:51:11,ADBE,600.21,362.0,buy,NASDAQ
tx_0009066,2025-06-19 09:51:14,DIS,181.51,209.0,sell,NYSE
tx_0004484,2025-06-19 09:51:19,DIS,180.29,396.0,buy,NYSE
tx_0007534,2025-06-19 09:51:24,AAPL,152.65,626.0,buy,NASDAQ
tx_0003983,2025-06-19 09:51:26,BRK.B,,927.0,sell,NYSE
tx_0009209,2025-06-19 09:51:31,MSFT,297.44,836.0,sell,NASDAQ
tx_0001114,2025-06-19 09:51:35,MA,348.28,350.0,buy,NYSE
tx_0007103,2025-06-19 09:51:35,NFLX,505.62,782.0,sell,NASDAQ
tx_0000261,2025-06-19 09:51:37,V,221.41,939.0,buy,NYSE
tx_0009849,2025-06-19 09:51:38,MCD,251.79,343.0,buy,NYSE
tx_0006831,2025-06-19 09:51:43,AMZN,3444.14,279.0,sell,NASDAQ
tx_0001360,2025-06-19 09:51:45,FB,325.33,45.0,sell,NASDAQ
tx_0000109,2025-06-19 09:51:46,MSFT,298.32,98.0,buy,NASDAQ
tx_0007527,2025-06-19 09:51:46,JNJ,172.1,805.0,sell,NYSE
tx_0007417,2025-06-19 09:51:49,MSFT,294.47,736.0,buy,NASDAQ
tx_0001740,2025-06-19 09:51:49,MCD,252.68,148.0,sell,NYSE
tx_0001241,2025-06-19 09:51:55,NVDA,196.71,208.0,buy,NASDAQ
tx_0006429,2025-06-19 09:51:57,KO,56.3,638.0,buy,NYSE
tx_0009397,2025-06-19 09:51:58,TSLA,697.0,570.0,sell,NASDAQ
tx_0004309,2025-06-19 09:51:59,KO,56.19,846.0,sell,NYSE
tx_0005565,2025-06-19 09:51:59,AAPL,151.46,894.0,buy,NASDAQ
tx_0004955,2025-06-19 09:52:03,MA,347.21,120.0,buy,NYSE
tx_0001799,2025-06-19 09:52:04,WMT,142.15,626.0,buy,NYSE
tx_0003681,2025-06-19 09:52:04,BRK.B,282.83,790.0,sell,NYSE
tx_0004893,2025-06-19 09:52:06,GOOGL,2876.19,501.0,sell,NASDAQ
tx_0000615,2025-06-19 09:52:06,AMZN,3483.03,82.0,buy,NASDAQ
tx_0002584,2025-06-19 09:52:07,DIS,182.06,134.0,sell,NYSE
tx_0006528,2025-06-19 09:52:10,NVDA,197.11,465.0,sell,NASDAQ
tx_0002888,2025-06-19 09:52:13,V,220.7,629.0,sell,NYSE
tx_0007273,2025-06-19 09:52:15,WMT,141.81,789.0,buy,NYSE
tx_0000065,2025-06-19 09:52:16,PEP,150.19,157.0,buy,NYSE
tx_0008678,2025-06-19 09:52:16,MSFT,295.01,523.0,buy,NASDAQ
tx_0003713,2025-06-19 09:52:19,MCD,253.34,535.0,buy,NYSE
tx_0001162,2025-06-19 09:52:20,BRK.B,282.18,283.0,buy,NYSE
tx_0007391,2025-06-19 09:52:21,AMZN,3453.85,437.0,buy,NASDAQ
tx_0005386,2025-06-19 09:52:22,ADBE,600.62,866.0,buy,NASDAQ
tx_0006640,2025-06-19 09:52:25,JNJ,174.0,730.0,buy,NYSE
tx_0007722,2025-06-19 09:52:26,MSFT,,426.0,buy,NASDAQ
tx_0007622,2025-06-19 09:52:26,JNJ,174.04,943.0,sell,NYSE
tx_0007146,2025-06-19 09:52:28,PEP,150.83,885.0,sell,NYSE
tx_0001517,2025-06-19 09:52:31,DIS,183.01,654.0,buy,NYSE
tx_0009223,2025-06-19 09:52:31,AMZN,3449.84,121.0,buy,NASDAQ
tx_0007581,2025-06-19 09:52:32,PYPL,244.05,150.0,buy,NASDAQ
tx_0003073,2025-06-19 09:52:33,ADBE,600.9,977.0,buy,NASDAQ
tx_0005819,2025-06-19 09:52:34,MCD,254.72,951.0,sell,NYSE
tx_0007113,2025-06-19 09:52:34,V,218.48,502.0,sell,NYSE
tx_0004382,2025-06-19 09:52:37,MCD,255.56,210.0,buy,NYSE
tx_0000374,2025-06-19 09:52:37,AMZN,3472.74,679.0,sell,NASDAQ
tx_0007142,2025-06-19 09:52:38,NFLX,508.88,829.0,buy,NASDAQ
tx_0005578,2025-06-19 09:52:38,AAPL,151.8,615.0,sell,NASDAQ
tx_0009528,2025-06-19 09:52:38,WMT,143.89,684.0,sell,NYSE
tx_0001251,2025-06-19 09:52:42,MCD,254.16,172.0,buy,NYSE
tx_0007203,2025-06-19 09:52:43,PYPL,246.03,419.0,buy,NASDAQ
tx_0005474,2025-06-19 09:52:44,GOOGL,2854.26,448.0,sell,NASDAQ
tx_0002360,2025-06-19 09:52:50,MA,349.72,401.0,buy,NYSE
tx_0001236,2025-06-19 09:52:54,DIS,180.53,184.0,sell,NYSE
tx_0008668,2025-06-19 09:52:54,MCD,251.48,589.0,buy,NYSE
tx_0006903,2025-06-19 09:52:55,GOOGL,2817.56,748.0,sell,NASDAQ
tx_0005304,2025-06-19 09:52:55,ADBE,598.32,772.0,sell,NASDAQ
tx_0002489,2025-06-19 09:52:56,MSFT,295.22,760.0,,NASDAQ
tx_0002583,2025-06-19 09:52:57,FB,327.3,428.0,sell,NASDAQ
tx_0001882,2025-06-19 09:52:57,AAPL,151.92,516.0,buy,NASDAQ
tx_0009609,2025-06-19 09:52:57,V,218.61,604.0,buy,NYSE
tx_0005653,2025-06-19 09:53:02,NFLX,512.5,124.0,sell,NASDAQ
tx_0006944,2025-06-19 09:53:04,WMT,142.52,876.0,buy,NYSE
tx_0009332,2025-06-19 09:53:08,MSFT,295.82,472.0,sell,NASDAQ
tx_0006581,2025-06-19 09:53:16,PEP,150.74,257.0,buy,NYSE
tx_0000712,2025-06-19 09:53:19,AMZN,3467.9,212.0,sell,NASDAQ
tx_0002894,2025-06-19 09:53:20,DIS,180.76,335.0,buy,NYSE
tx_0003241,2025-06-19 09:53:25,JNJ,173.54,642.0,buy,NYSE
tx_0003890,2025-06-19 09:53:25,NVDA,196.24,5.0,sell,NASDAQ
tx_0002061,2025-06-19 09:53:27,TSLA,695.35,572.0,buy,NASDAQ
tx_0009690,2025-06-19 09:53:28,JNJ,172.29,167.0,buy,NYSE
tx_0007308,2025-06-19 09:53:30,AAPL,151.49,928.0,sell,NASDAQ
tx_0006653,2025-06-19 09:53:30,JNJ,171.27,383.0,buy,NYSE
tx_0002275,2025-06-19 09:53:32,PYPL,244.74,183.0,sell,NASDAQ
tx_0004422,2025-06-19 09:53:36,AAPL,151.22,887.0,sell,NASDAQ
tx_0009558,2025-06-19 09:53:38,MA,348.84,553.0,buy,NYSE
tx_0006369,2025-06-19 09:53:39,V,221.22,591.0,sell,NYSE
tx_0000806,2025-06-19 09:53:39,MCD,251.39,810.0,buy,NYSE
tx_0000525,2025-06-19 09:53:39,ADBE,595.34,600.0,sell,NASDAQ
tx_0009864,2025-06-19 09:53:43,V,219.16,901.0,sell,NYSE
tx_0003415,2025-06-19 09:53:51,MCD,252.86,309.0,,NYSE
tx_0003127,2025-06-19 09:53:54,PG,141.58,928.0,buy,NYSE
tx_0005466,2025-06-19 09:53:55,TSLA,699.87,932.0,sell,NASDAQ
tx_0005914,2025-06-19 09:53:58,BRK.B,280.22,647.0,,NYSE
tx_0001525,2025-06-19 09:54:05,ADBE,592.26,496.0,buy,NASDAQ
tx_0003504,2025-06-19 09:54:06,MA,347.76,499.0,sell,NYSE
tx_0006765,2025-06-19 09:54:06,FB,331.26,644.0,sell,NASDAQ
tx_0003264,2025-06-19 09:54:08,JNJ,172.87,60.0,buy,NYSE
tx_0009747,2025-06-19 09:54:12,MSFT,292.46,838.0,buy,NASDAQ
tx_0007012,2025-06-19 09:54:14,PEP,152.79,475.0,sell,NYSE
tx_0009444,2025-06-19 09:54:14,JNJ,172.22,661.0,sell,NYSE
tx_0003497,2025-06-19 09:54:17,MCD,252.5,387.0,sell,NYSE
tx_0008535,2025-06-19 09:54:21,DIS,,603.0,sell,NYSE
tx_0009013,2025-06-19 09:54:26,DIS,181.22,215.0,buy,NYSE
tx_0006803,2025-06-19 09:54:34,PEP,152.82,588.0,buy,NYSE
tx_0005781,2025-06-19 09:54:35,JNJ,173.91,352.0,buy,NYSE
tx_0003105,2025-06-19 09:54:35,TSLA,701.69,300.0,buy,NASDAQ
tx_0004254,2025-06-19 09:54:38,V,221.84,36.0,sell,NYSE
tx_0001422,2025-06-19 09:54:39,AMZN,3471.61,524.0,sell,NASDAQ
tx_0006728,2025-06-19 09:54:40,V,219.41,506.0,sell,NYSE
tx_0001271,2025-06-19 09:54:41,BRK.B,284.9,975.0,buy,NYSE
tx_0006224,2025-06-19 09:54:42,DIS,182.37,106.0,buy,NYSE
tx_0003418,2025-06-19 09:54:44,DIS,183.79,26.0,buy,NYSE
tx_0003801,2025-06-19 09:54:48,KO,55.87,,sell,NYSE
tx_0009912,2025-06-19 09:54:48,NVDA,196.03,119.0,buy,NASDAQ
tx_0003286,2025-06-19 09:54:53,PEP,152.27,895.0,buy,NYSE
tx_0004355,2025-06-19 09:54:53,DIS,183.49,868.0,sell,NYSE
tx_0003837,2025-06-19 09:54:58,AMZN,3491.28,740.0,sell,NASDAQ
tx_0002781,2025-06-19 09:54:59,PYPL,247.29,722.0,sell,NASDAQ
tx_0000682,2025-06-19 09:55:05,MCD,252.54,68.0,sell,NYSE
tx_0009122,2025-06-19 09:55:06,PEP,150.55,548.0,sell,NYSE
tx_0005522,2025-06-19 09:55:08,TSLA,699.28,696.0,buy,NASDAQ
tx_0002209,2025-06-19 09:55:10,MA,347.88,800.0,buy,NYSE
tx_0006421,2025-06-19 09:55:11,NVDA,194.35,182.0,sell,NASDAQ
tx_0003398,2025-06-19 09:55:12,NVDA,196.62,409.0,buy,NASDAQ
tx_0005512,2025-06-19 09:55:14,WMT,144.2,255.0,sell,NYSE
tx_0004033,2025-06-19 09:55:16,MCD,254.35,294.0,buy,NYSE
tx_0009925,2025-06-19 09:55:18,ADBE,598.15,801.0,sell,NASDAQ
tx_0009572,2025-06-19 09:55:21,MSFT,296.43,627.0,buy,NASDAQ
tx_0003319,2025-06-19 09:55:25,PG,140.39,941.0,buy,NYSE
tx_0006488,2025-06-19 09:55:25,KO,,849.0,buy,NYSE
tx_0002180,2025-06-19 09:55:26,MA,350.93,114.0,buy,NYSE
tx_0007578,2025-06-19 09:55:26,DIS,182.7,988.0,,NYSE
tx_0009273,2025-06-19 09:55:30,NVDA,195.57,207.0,buy,NASDAQ
tx_0005094,2025-06-19 09:55:30,KO,55.37,810.0,buy,NYSE
tx_0003299,2025-06-19 09:55:32,MSFT,292.55,870.0,buy,NASDAQ
tx_0001379,2025-06-19 09:55:34,GOOGL,2859.88,868.0,sell,NASDAQ
tx_0006781,2025-06-19 09:55:38,MSFT,293.41,972.0,buy,NASDAQ
tx_0004905,2025-06-19 09:55:38,FB,328.56,625.0,sell,NASDAQ
tx_0003510,2025-06-19 09:55:39,PYPL,244.72,132.0,sell,NASDAQ
tx_0007941,2025-06-19 09:55:43,NVDA,196.38,911.0,buy,NASDAQ
tx_0009633,2025-06-19 09:55:44,PEP,151.27,712.0,buy,NYSE
tx_0004313,2025-06-19 09:55:46,PG,140.59,947.0,buy,NYSE
tx_0009418,2025-06-19 09:55:47,DIS,184.88,9.0,buy,NYSE
tx_0001263,2025-06-19 09:55:48,TSLA,692.14,,buy,NASDAQ
tx_0003340,2025-06-19 09:55:49,FB,327.5,506.0,sell,
tx_0004681,2025-06-19 09:55:53,NFLX,505.65,104.0,buy,NASDAQ
tx_0000006,2025-06-19 09:55:54,BRK.B,281.42,598.0,sell,NYSE
tx_0009827,2025-06-19 09:55:56,PYPL,246.93,104.0,sell,NASDAQ
tx_0005719,2025-06-19 09:55:56,MSFT,296.21,727.0,buy,NASDAQ
tx_0007896,2025-06-19 09:56:02,ADBE,598.87,827.0,sell,NASDAQ
tx_0001131,2025-06-19 09:56:02,PYPL,248.31,147.0,buy,NASDAQ
tx_0007002,2025-06-19 09:56:02,MCD,252.57,577.0,sell,NYSE
tx_0005788,2025-06-19 09:56:06,NVDA,197.84,933.0,buy,NASDAQ
tx_0003228,2025-06-19 09:56:08,PYPL,246.31,59.0,sell,NASDAQ
tx_0000868,2025-06-19 09:56:08,ADBE,596.92,864.0,buy,NASDAQ
tx_0009839,2025-06-19 09:56:10,PG,138.46,113.0,sell,NYSE
tx_0000088,2025-06-19 09:56:13,BRK.B,,878.0,sell,NYSE
tx_0008270,2025-06-19 09:56:14,MSFT,292.67,538.0,buy,NASDAQ
tx_0003744,2025-06-19 09:56:21,GOOGL,2838.26,953.0,sell,NASDAQ
tx_0006901,2025-06-19 09:56:22,BRK.B,278.95,125.0,sell,NYSE
tx_0001046,2025-06-19 09:56:23,NFLX,508.97,111.0,sell,NASDAQ
tx_0008831,2025-06-19 09:56:24,DIS,184.0,999.0,buy,NYSE
tx_0004118,2025-06-19 09:56:24,AAPL,152.69,910.0,buy,NASDAQ
tx_0005415,2025-06-19 09:56:27,FB,330.88,500.0,buy,NASDAQ
tx_0009038,2025-06-19 09:56:31,NVDA,199.68,69.0,sell,NASDAQ
tx_0007084,2025-06-19 09:56:34,PG,140.98,885.0,sell,NYSE
tx_0003161,2025-06-19 09:56:35,WMT,142.87,61.0,sell,NYSE
tx_0006315,2025-06-19 09:56:36,ADBE,606.11,52.0,sell,NASDAQ
tx_0006844,2025-06-19 09:56:39,KO,55.63,538.0,sell,NYSE
tx_0008720,2025-06-19 09:56:39,V,219.6,926.0,sell,NYSE
tx_0008635,2025-06-19 09:56:39,WMT,142.5,483.0,buy,NYSE
tx_0003764,2025-06-19 09:56:40,ADBE,605.34,266.0,buy,NASDAQ
tx_0001207,2025-06-19 09:56:40,AAPL,153.7,634.0,sell,NASDAQ
tx_0008592,2025-06-19 09:56:45,TSLA,702.63,189.0,buy,NASDAQ
tx_0002968,2025-06-19 09:56:50,BRK.B,277.96,393.0,sell,NYSE
tx_0006242,2025-06-19 09:56:55,AAPL,153.16,683.0,sell,NASDAQ
tx_0007868,2025-06-19 09:56:56,JNJ,175.72,972.0,sell,NYSE
tx_0005261,2025-06-19 09:56:57,WMT,143.34,162.0,sell,NYSE
tx_0005107,2025-06-19 09:57:01,DIS,185.48,517.0,buy,NYSE
tx_0007062,2025-06-19 09:57:03,KO,56.29,735.0,sell,NYSE
tx_0008901,2025-06-19 09:57:06,MCD,254.05,872.0,buy,NYSE
tx_0004117,2025-06-19 09:57:06,ADBE,603.58,541.0,buy,NASDAQ
tx_0006079,2025-06-19 09:57:06,PG,139.25,156.0,buy,NYSE
tx_0004894,2025-06-19 09:57:09,MA,353.68,79.0,sell,NYSE
tx_0000024,2025-06-19 09:57:12,KO,55.99,227.0,sell,NYSE
tx_0005782,2025-06-19 09:57:14,NVDA,196.44,86.0,sell,NASDAQ
tx_0006761,2025-06-19 09:57:14,GOOGL,2877.2,477.0,sell,NASDAQ
tx_0001860,2025-06-19 09:57:16,JNJ,174.58,523.0,sell,NYSE
tx_0000229,2025-06-19 09:57:17,AMZN,3502.59,268.0,buy,NASDAQ
tx_0001233,2025-06-19 09:57:18,PYPL,247.74,18.0,buy,NASDAQ
tx_0002862,2025-06-19 09:57:18,BRK.B,280.76,794.0,buy,NYSE
tx_0004383,2025-06-19 09:57:28,AAPL,153.75,412.0,sell,NASDAQ
tx_0003289,2025-06-19 09:57:29,PEP,152.63,109.0,buy,NYSE
tx_0009469,2025-06-19 09:57:30,FB,331.35,968.0,sell,NASDAQ
tx_0004070,2025-06-19 09:57:31,PG,139.28,364.0,sell,NYSE
tx_0001385,2025-06-19 09:57:33,BRK.B,281.15,757.0,buy,NYSE
tx_0001304,2025-06-19 09:57:34,FB,328.48,104.0,buy,NASDAQ
tx_0002487,2025-06-19 09:57:36,PEP,150.81,421.0,buy,NYSE
tx_0006591,2025-06-19 09:57:36,WMT,142.79,884.0,buy,NYSE
tx_0004387,2025-06-19 09:57:39,TSLA,703.58,483.0,sell,NASDAQ
tx_0004162,2025-06-19 09:57:39,MCD,254.03,828.0,sell,NYSE
tx_0001208,2025-06-19 09:57:41,MA,,248.0,buy,NYSE
tx_0006249,2025-06-19 09:57:42,PG,140.5,581.0,buy,NYSE
tx_0000068,2025-06-19 09:57:44,AAPL,152.84,967.0,sell,NASDAQ
tx_0002191,2025-06-19 09:57:48,PYPL,244.77,94.0,buy,NASDAQ
tx_0002808,2025-06-19 09:57:48,MCD,251.68,581.0,sell,NYSE
tx_0008967,2025-06-19 09:57:50,NFLX,511.57,948.0,buy,NASDAQ
tx_0007365,2025-06-19 09:57:57,MSFT,293.15,306.0,buy,NASDAQ
tx_0003515,2025-06-19 09:57:57,AMZN,3471.98,21.0,sell,NASDAQ
tx_0004784,2025-06-19 09:58:03,TSLA,701.05,926.0,sell,NASDAQ
tx_0000634,2025-06-19 09:58:04,MSFT,294.04,985.0,buy,NASDAQ
tx_0001614,2025-06-19 09:58:04,WMT,143.2,552.0,sell,NYSE
tx_0004210,2025-06-19 09:58:06,BRK.B,282.22,585.0,buy,NYSE
tx_0003989,2025-06-19 09:58:09,DIS,183.35,620.0,sell,NYSE
tx_0003863,2025-06-19 09:58:12,PG,140.27,754.0,sell,NYSE
tx_0003254,2025-06-19 09:58:16,MCD,252.3,96.0,buy,NYSE
tx_0003765,2025-06-19 09:58:18,MSFT,294.04,242.0,sell,NASDAQ
tx_0002816,2025-06-19 09:58:22,AAPL,153.01,326.0,buy,NASDAQ
tx_0001988,2025-06-19 09:58:32,PEP,152.75,650.0,buy,NYSE
tx_0004795,2025-06-19 09:58:35,NVDA,199.05,514.0,buy,NASDAQ
tx_0001818,2025-06-19 09:58:37,KO,55.42,680.0,buy,NYSE
tx_0007922,2025-06-19 09:58:39,PEP,151.77,455.0,sell,NYSE
tx_0009169,2025-06-19 09:58:39,FB,328.36,246.0,sell,NASDAQ
tx_0002946,2025-06-19 09:58:43,ADBE,595.81,365.0,sell,NASDAQ
tx_0008139,2025-06-19 09:58:45,GOOGL,2849.65,264.0,buy,NASDAQ
tx_0003901,2025-06-19 09:58:46,V,220.98,581.0,sell,NYSE
tx_0001358,2025-06-19 09:58:52,NVDA,197.01,482.0,sell,NASDAQ
tx_0006186,2025-06-19 09:58:52,MCD,256.25,3.0,sell,NYSE
tx_0004183,2025-06-19 09:58:55,ADBE,599.64,169.0,buy,NASDAQ
tx_0006338,2025-06-19 09:58:55,KO,56.09,604.0,buy,NYSE
tx_0003134,2025-06-19 09:58:59,MA,351.15,497.0,sell,NYSE
tx_0001201,2025-06-19 09:58:59,BRK.B,280.94,38.0,sell,NYSE
tx_0007178,2025-06-19 09:59:00,MA,354.72,853.0,sell,NYSE
tx_0001755,2025-06-19 09:59:02,DIS,183.81,691.0,buy,NYSE
tx_0008697,2025-06-19 09:59:06,DIS,185.48,251.0,sell,NYSE
tx_0007132,2025-06-19 09:59:06,V,219.58,438.0,sell,NYSE
tx_0003017,2025-06-19 09:59:07,NFLX,516.83,763.0,buy,NASDAQ
tx_0007479,2025-06-19 09:59:15,DIS,183.09,894.0,buy,NYSE
tx_0009580,2025-06-19 09:59:22,AAPL,151.59,172.0,buy,NASDAQ
tx_0004078,2025-06-19 09:59:27,PYPL,248.1,650.0,sell,NASDAQ
tx_0009945,2025-06-19 09:59:27,KO,55.72,815.0,buy,NYSE
tx_0003538,2025-06-19 09:59:33,PYPL,244.49,711.0,buy,NASDAQ
tx_0001392,2025-06-19 09:59:35,BRK.B,279.88,729.0,buy,NYSE
tx_0004263,2025-06-19 09:59:36,WMT,141.68,689.0,sell,NYSE
tx_0009246,2025-06-19 09:59:38,FB,327.86,114.0,sell,NASDAQ
tx_0003081,2025-06-19 09:59:42,GOOGL,2830.73,312.0,sell,NASDAQ
tx_0002651,2025-06-19 09:59:44,PEP,151.68,25.0,buy,NYSE
tx_0000972,2025-06-19 09:59:45,MCD,255.4,63.0,sell,NYSE
tx_0004394,2025-06-19 09:59:47,NFLX,511.29,729.0,buy,NASDAQ
tx_0003922,2025-06-19 09:59:48,ADBE,602.24,353.0,buy,NASDAQ
tx_0006110,2025-06-19 09:59:48,GOOGL,2821.6,918.0,buy,NASDAQ
tx_0007027,2025-06-19 09:59:51,WMT,141.94,549.0,sell,NYSE
tx_0004368,2025-06-19 09:59:53,NVDA,196.96,17.0,buy,NASDAQ
tx_0007930,2025-06-19 09:59:55,PEP,149.67,994.0,buy,NYSE
tx_0001089,2025-06-19 09:59:55,AMZN,3516.0,289.0,sell,NASDAQ
tx_0002409,2025-06-19 09:59:57,V,220.19,623.0,buy,NYSE
tx_0008392,2025-06-19 09:59:59,MCD,257.72,111.0,buy,NYSE
tx_0009257,2025-06-19 09:59:59,PG,138.9,441.0,buy,NYSE
tx_0008485,2025-06-19 10:00:00,MA,354.2,897.0,buy,NYSE
tx_0007392,2025-06-19 10:00:05,NFLX,518.07,768.0,sell,NASDAQ
tx_0005131,2025-06-19 10:00:05,KO,55.71,903.0,sell,NYSE
tx_0007836,2025-06-19 10:00:07,MCD,254.53,144.0,buy,NYSE
tx_0000341,2025-06-19 10:00:09,GOOGL,2867.19,295.0,buy,NASDAQ
tx_0008811,2025-06-19 10:00:09,GOOGL,2845.99,303.0,sell,NASDAQ
tx_0002657,2025-06-19 10:00:10,ADBE,601.42,456.0,buy,NASDAQ
tx_0003206,2025-06-19 10:00:12,PYPL,244.8,15.0,buy,NASDAQ
tx_0005519,2025-06-19 10:00:14,ADBE,598.37,547.0,buy,NASDAQ
tx_0001055,2025-06-19 10:00:19,PEP,150.2,802.0,buy,NYSE
tx_0000427,2025-06-19 10:00:26,MSFT,293.74,428.0,buy,NASDAQ
tx_0002618,2025-06-19 10:00:27,ADBE,598.16,687.0,buy,NASDAQ
tx_0003902,2025-06-19 10:00:29,ADBE,597.36,372.0,sell,NASDAQ
tx_0001269,2025-06-19 10:00:35,JNJ,174.52,984.0,buy,NYSE
tx_0000152,2025-06-19 10:00:37,FB,326.44,958.0,sell,NASDAQ
tx_0004564,2025-06-19 10:00:39,MCD,257.96,877.0,sell,NYSE
tx_0006271,2025-06-19 10:00:40,JNJ,172.13,603.0,buy,NYSE
tx_0001088,2025-06-19 10:00:41,DIS,182.77,717.0,sell,NYSE
tx_0005424,2025-06-19 10:00:41,MA,350.46,737.0,sell,NYSE
tx_0005323,2025-06-19 10:00:46,V,222.13,837.0,sell,NYSE
tx_0004729,2025-06-19 10:00:49,MA,350.62,532.0,buy,NYSE
tx_0004483,2025-06-19 10:00:51,AAPL,153.02,548.0,buy,NASDAQ
tx_0007819,2025-06-19 10:00:55,ADBE,600.76,517.0,sell,NASDAQ
tx_0000248,2025-06-19 10:00:57,PG,139.58,827.0,buy,NYSE
tx_0008317,2025-06-19 10:00:58,V,221.74,65.0,buy,NYSE
tx_0004365,2025-06-19 10:01:00,MA,352.01,158.0,buy,NYSE
tx_0005498,2025-06-19 10:01:02,FB,326.64,779.0,buy,NASDAQ
tx_0001762,2025-06-19 10:01:04,BRK.B,277.81,203.0,buy,NYSE
tx_0006945,2025-06-19 10:01:09,NFLX,515.25,902.0,sell,NASDAQ
tx_0009050,2025-06-19 10:01:11,GOOGL,2817.16,402.0,buy,NASDAQ
tx_0000674,2025-06-19 10:01:12,KO,55.09,394.0,buy,NYSE
tx_0000948,2025-06-19 10:01:16,PG,139.97,376.0,sell,NYSE
tx_0007711,2025-06-19 10:01:17,DIS,182.04,906.0,sell,
tx_0006666,2025-06-19 10:01:20,TSLA,705.16,567.0,sell,NASDAQ
tx_0002569,2025-06-19 10:01:27,MSFT,295.56,121.0,sell,NASDAQ
tx_0009198,2025-06-19 10:01:33,NVDA,198.95,30.0,buy,NASDAQ
tx_0006697,2025-06-19 10:01:33,PEP,150.51,835.0,buy,NYSE
tx_0009765,2025-06-19 10:01:34,NVDA,199.89,246.0,sell,NASDAQ
tx_0004177,2025-06-19 10:01:37,AAPL,151.25,993.0,buy,NASDAQ
tx_0008681,2025-06-19 10:01:39,MSFT,291.9,953.0,buy,NASDAQ
tx_0007197,2025-06-19 10:01:42,NFLX,518.86,408.0,sell,NASDAQ
tx_0005079,2025-06-19 10:01:43,JNJ,172.63,724.0,buy,NYSE
tx_0001691,2025-06-19 10:01:44,V,221.53,556.0,sell,NYSE
tx_0009030,2025-06-19 10:01:44,KO,55.48,145.0,buy,NYSE
tx_0003606,2025-06-19 10:01:46,PG,139.18,155.0,sell,NYSE
tx_0008610,2025-06-19 10:01:52,TSLA,699.48,891.0,sell,NASDAQ
tx_0000458,2025-06-19 10:01:53,DIS,,426.0,buy,NYSE
tx_0005917,2025-06-19 10:02:04,TSLA,700.11,615.0,sell,NASDAQ
tx_0000292,2025-06-19 10:02:08,FB,,398.0,buy,NASDAQ
tx_0009095,2025-06-19 10:02:10,NFLX,512.09,798.0,buy,NASDAQ
tx_0004773,2025-06-19 10:02:10,ADBE,601.87,659.0,buy,NASDAQ
tx_0007093,2025-06-19 10:02:11,MSFT,291.25,473.0,sell,NASDAQ
tx_0003800,2025-06-19 10:02:13,NFLX,520.04,866.0,sell,NASDAQ
tx_0003789,2025-06-19 10:02:14,BRK.B,278.14,318.0,sell,NYSE
tx_0001190,2025-06-19 10:02:15,GOOGL,2802.25,405.0,sell,NASDAQ
tx_0004267,2025-06-19 10:02:18,PEP,151.6,960.0,sell,NYSE
tx_0005555,2025-06-19 10:02:20,NFLX,513.5,730.0,sell,NASDAQ
tx_0000422,2025-06-19 10:02:25,MCD,254.14,918.0,buy,NYSE
tx_0001534,2025-06-19 10:02:31,GOOGL,2814.93,179.0,buy,NASDAQ
tx_0005041,2025-06-19 10:02:31,MCD,255.26,434.0,sell,NYSE
tx_0004178,2025-06-19 10:02:34,PEP,151.82,378.0,buy,NYSE
tx_0002256,2025-06-19 10:02:34,AMZN,3468.31,734.0,buy,NASDAQ
tx_0005642,2025-06-19 10:02:34,AMZN,3464.66,87.0,sell,NASDAQ
tx_0008641,2025-06-19 10:02:34,FB,322.41,169.0,sell,NASDAQ
tx_0004811,2025-06-19 10:02:35,GOOGL,2837.73,947.0,buy,NASDAQ
tx_0002572,2025-06-19 10:02:41,DIS,182.74,818.0,sell,NYSE
tx_0002881,2025-06-19 10:02:41,PEP,151.81,102.0,sell,
tx_0003974,2025-06-19 10:02:41,TSLA,703.28,96.0,buy,NASDAQ
tx_0000914,2025-06-19 10:02:41,PEP,151.76,880.0,buy,NYSE
tx_0002007,2025-06-19 10:02:42,DIS,182.47,125.0,buy,NYSE
tx_0000472,2025-06-19 10:02:43,MSFT,291.74,60.0,sell,NASDAQ
tx_0005569,2025-06-19 10:02:45,GOOGL,2825.64,306.0,buy,NASDAQ
tx_0001104,2025-06-19 10:02:46,PYPL,245.52,679.0,sell,NASDAQ
tx_0006558,2025-06-19 10:02:46,AAPL,154.33,606.0,buy,NASDAQ
tx_0004261,2025-06-19 10:02:54,PYPL,243.95,320.0,sell,NASDAQ
tx_0008463,2025-06-19 10:02:57,BRK.B,277.57,782.0,sell,NYSE
tx_0004639,2025-06-19 10:02:59,WMT,142.99,363.0,buy,NYSE
tx_0006336,2025-06-19 10:03:04,GOOGL,2822.59,184.0,buy,NASDAQ
tx_0004854,2025-06-19 10:03:05,MA,354.76,990.0,buy,NYSE
tx_0008306,2025-06-19 10:03:07,AMZN,3508.55,829.0,sell,NASDAQ
tx_0005860,2025-06-19 10:03:08,NFLX,520.95,546.0,buy,NASDAQ
tx_0007448,2025-06-19 10:03:09,MSFT,294.0,460.0,buy,NASDAQ
tx_0004135,2025-06-19 10:03:11,PEP,149.08,69.0,buy,NYSE
tx_0008568,2025-06-19 10:03:12,DIS,184.68,680.0,buy,NYSE
tx_0002879,2025-06-19 10:03:14,PG,140.1,64.0,buy,NYSE
tx_0005638,2025-06-19 10:03:16,MCD,256.82,218.0,sell,NYSE
tx_0002276,2025-06-19 10:03:26,GOOGL,2791.88,575.0,sell,NASDAQ
tx_0000630,2025-06-19 10:03:30,MCD,252.65,113.0,sell,NYSE
tx_0008867,2025-06-19 10:03:30,BRK.B,276.45,130.0,sell,NYSE
tx_0004597,2025-06-19 10:03:31,MA,356.7,981.0,buy,NYSE
tx_0002029,2025-06-19 10:03:34,FB,321.27,106.0,buy,NASDAQ
tx_0004583,2025-06-19 10:03:36,TSLA,706.13,738.0,sell,NASDAQ
tx_0005800,2025-06-19 10:03:36,AAPL,152.26,572.0,buy,NASDAQ
tx_0006746,2025-06-19 10:03:38,PEP,150.61,438.0,sell,NYSE
tx_0000643,2025-06-19 10:03:40,FB,324.72,22.0,buy,NASDAQ
tx_0007847,2025-06-19 10:03:53,V,219.97,402.0,buy,NYSE
tx_0008191,2025-06-19 10:03:53,JNJ,173.0,590.0,buy,NYSE
tx_0001556,2025-06-19 10:03:54,BRK.B,280.16,962.0,buy,NYSE
tx_0001073,2025-06-19 10:04:07,PEP,151.88,560.0,sell,NYSE
tx_0008440,2025-06-19 10:04:12,PYPL,245.24,965.0,sell,NASDAQ
tx_0008434,2025-06-19 10:04:14,MCD,256.94,977.0,buy,NYSE
tx_0004513,2025-06-19 10:04:16,MSFT,291.29,777.0,buy,NASDAQ
tx_0004443,2025-06-19 10:04:16,KO,55.15,363.0,buy,NYSE
tx_0009182,2025-06-19 10:04:17,NVDA,199.92,423.0,sell,NASDAQ
tx_0007129,2025-06-19 10:04:19,NFLX,518.58,94.0,buy,NASDAQ
tx_0005202,2025-06-19 10:04:19,TSLA,703.26,974.0,sell,NASDAQ
tx_0008416,2025-06-19 10:04:21,V,220.51,267.0,buy,NYSE
tx_0008865,2025-06-19 10:04:23,MA,355.31,555.0,buy,NYSE
tx_0005734,2025-06-19 10:04:24,JNJ,172.71,53.0,sell,NYSE
tx_0004392,2025-06-19 10:04:29,AMZN,3485.13,821.0,buy,NASDAQ
tx_0000944,2025-06-19 10:04:32,ADBE,611.06,625.0,buy,NASDAQ
tx_0004405,2025-06-19 10:04:32,KO,56.0,810.0,buy,NYSE
tx_0006461,2025-06-19 10:04:33,MCD,257.03,643.0,sell,NYSE
tx_0002531,2025-06-19 10:04:33,BRK.B,279.63,46.0,buy,NYSE
tx_0009178,2025-06-19 10:04:36,V,224.55,347.0,buy,NYSE
tx_0004141,2025-06-19 10:04:38,AAPL,153.73,495.0,sell,NASDAQ
tx_0001688,2025-06-19 10:04:39,WMT,144.2,570.0,buy,NYSE
tx_0007295,2025-06-19 10:04:43,NFLX,518.19,139.0,buy,NASDAQ
tx_0001047,2025-06-19 10:04:43,TSLA,699.0,713.0,buy,NASDAQ
tx_0000676,2025-06-19 10:04:48,BRK.B,278.76,422.0,sell,NYSE
tx_0003736,2025-06-19 10:04:48,TSLA,698.73,105.0,buy,NASDAQ
tx_0000621,2025-06-19 10:04:50,NFLX,517.14,6.0,sell,NASDAQ
tx_0001833,2025-06-19 10:04:53,WMT,142.44,458.0,sell,NYSE
tx_0001571,2025-06-19 10:05:06,TSLA,704.7,468.0,buy,NASDAQ
tx_0009961,2025-06-19 10:05:08,JNJ,174.01,40.0,buy,NYSE
tx_0005085,2025-06-19 10:05:09,FB,323.77,321.0,sell,NASDAQ
tx_0009920,2025-06-19 10:05:10,PG,139.62,,buy,NYSE
tx_0003097,2025-06-19 10:05:12,NVDA,199.03,850.0,sell,NASDAQ
tx_0001466,2025-06-19 10:05:19,NFLX,518.47,866.0,sell,NASDAQ
tx_0004631,2025-06-19 10:05:20,PEP,,93.0,sell,NYSE
tx_0006725,2025-06-19 10:05:28,WMT,141.79,325.0,sell,NYSE
tx_0002730,2025-06-19 10:05:28,V,221.64,843.0,buy,NYSE
tx_0001519,2025-06-19 10:05:32,MSFT,294.17,641.0,sell,NASDAQ
tx_0006381,2025-06-19 10:05:33,DIS,182.0,110.0,sell,NYSE
tx_0008297,2025-06-19 10:05:36,FB,326.41,649.0,sell,NASDAQ
tx_0001803,2025-06-19 10:05:37,MCD,255.99,228.0,buy,NYSE
tx_0003085,2025-06-19 10:05:38,MSFT,292.05,948.0,buy,NASDAQ
tx_0005787,2025-06-19 10:05:39,TSLA,700.82,517.0,sell,NASDAQ
tx_0009893,2025-06-19 10:05:42,GOOGL,2778.67,94.0,sell,NASDAQ
tx_0002996,2025-06-19 10:05:42,FB,323.83,862.0,sell,NASDAQ
tx_0003627,2025-06-19 10:05:42,KO,55.3,953.0,buy,NYSE
tx_0008853,2025-06-19 10:05:43,ADBE,608.79,909.0,buy,NASDAQ
tx_0003203,2025-06-19 10:05:48,DIS,183.47,739.0,buy,NYSE
tx_0005700,2025-06-19 10:05:49,V,224.77,163.0,buy,NYSE
tx_0007698,2025-06-19 10:05:50,FB,328.36,647.0,sell,NASDAQ
tx_0009371,2025-06-19 10:05:58,FB,329.06,790.0,buy,NASDAQ
tx_0004129,2025-06-19 10:05:58,TSLA,696.69,812.0,buy,NASDAQ
tx_0007764,2025-06-19 10:06:05,DIS,181.75,29.0,sell,NYSE
tx_0001876,2025-06-19 10:06:06,PEP,151.52,127.0,sell,NYSE
tx_0007903,2025-06-19 10:06:06,FB,327.13,606.0,buy,NASDAQ
tx_0007322,2025-06-19 10:06:10,DIS,182.89,567.0,buy,NYSE
tx_0002423,2025-06-19 10:06:13,ADBE,607.49,301.0,sell,NASDAQ
tx_0006643,2025-06-19 10:06:13,PYPL,246.25,838.0,sell,NASDAQ
tx_0003231,2025-06-19 10:06:13,AMZN,3523.04,734.0,sell,NASDAQ
tx_0007432,2025-06-19 10:06:13,PG,139.26,97.0,sell,NYSE
tx_0002530,2025-06-19 10:06:14,JNJ,174.99,606.0,sell,NYSE
tx_0003483,2025-06-19 10:06:16,MCD,257.37,490.0,sell,NYSE
tx_0002118,2025-06-19 10:06:20,GOOGL,2792.8,580.0,buy,NASDAQ
tx_0003056,2025-06-19 10:06:24,NVDA,198.25,984.0,buy,NASDAQ
tx_0004002,2025-06-19 10:06:24,ADBE,610.63,866.0,buy,NASDAQ
tx_0004357,2025-06-19 10:06:26,BRK.B,279.36,318.0,buy,NYSE
tx_0000935,2025-06-19 10:06:28,TSLA,696.67,726.0,sell,NASDAQ
tx_0000928,2025-06-19 10:06:28,DIS,182.71,882.0,sell,NYSE
tx_0005111,2025-06-19 10:06:29,NVDA,199.41,419.0,buy,NASDAQ
tx_0002483,2025-06-19 10:06:39,ADBE,607.97,542.0,buy,NASDAQ
tx_0007920,2025-06-19 10:06:40,JNJ,174.16,197.0,sell,NYSE
tx_0004626,2025-06-19 10:06:42,MCD,253.89,755.0,buy,NYSE
tx_0005329,2025-06-19 10:06:46,AMZN,3541.88,959.0,sell,NASDAQ
tx_0008745,2025-06-19 10:06:46,MSFT,292.57,480.0,buy,NASDAQ
tx_0004752,2025-06-19 10:06:49,PG,137.13,927.0,sell,NYSE
tx_0001766,2025-06-19 10:06:51,AAPL,154.58,536.0,buy,NASDAQ
tx_0009392,2025-06-19 10:06:51,TSLA,700.3,189.0,buy,NASDAQ
tx_0001671,2025-06-19 10:06:53,JNJ,173.11,977.0,,NYSE
tx_0007954,2025-06-19 10:06:56,AMZN,3510.98,392.0,buy,NASDAQ
tx_0002298,2025-06-19 10:06:57,BRK.B,278.08,763.0,buy,NYSE
tx_0002220,2025-06-19 10:06:57,PG,138.21,579.0,buy,NYSE
tx_0004971,2025-06-19 10:06:59,NVDA,198.84,736.0,buy,NASDAQ
tx_0003503,2025-06-19 10:07:00,PEP,151.26,889.0,sell,NYSE
tx_0001610,2025-06-19 10:07:01,NFLX,513.72,111.0,sell,NASDAQ
tx_0004953,2025-06-19 10:07:13,NVDA,198.97,437.0,sell,NASDAQ
tx_0006379,2025-06-19 10:07:14,PYPL,244.9,34.0,sell,NASDAQ
tx_0002201,2025-06-19 10:07:15,MCD,257.28,543.0,sell,NYSE
tx_0009213,2025-06-19 10:07:16,PYPL,247.24,111.0,buy,NASDAQ
tx_0009911,2025-06-19 10:07:18,KO,55.27,346.0,buy,NYSE
tx_0008477,2025-06-19 10:07:25,PEP,150.61,587.0,sell,NYSE
tx_0008497,2025-06-19 10:07:31,AAPL,155.45,251.0,sell,NASDAQ
tx_0001986,2025-06-19 10:07:33,MCD,257.58,839.0,buy,NYSE
tx_0000544,2025-06-19 10:07:35,KO,55.52,481.0,buy,NYSE
tx_0007971,2025-06-19 10:07:36,MA,361.78,431.0,buy,NYSE
tx_0006996,2025-06-19 10:07:37,JNJ,171.87,581.0,sell,NYSE
tx_0000703,2025-06-19 10:07:37,BRK.B,279.07,744.0,buy,NYSE
tx_0006585,2025-06-19 10:07:38,AAPL,154.88,567.0,buy,NASDAQ
tx_0007317,2025-06-19 10:07:40,NFLX,517.72,2.0,sell,NASDAQ
tx_0002565,2025-06-19 10:07:41,NFLX,517.83,866.0,sell,NASDAQ
tx_0005414,2025-06-19 10:07:47,JNJ,172.04,154.0,buy,NYSE
tx_0008891,2025-06-19 10:07:48,WMT,141.43,345.0,sell,NYSE
tx_0004341,2025-06-19 10:07:54,MCD,256.89,654.0,sell,NYSE
tx_0006664,2025-06-19 10:07:54,PG,137.95,804.0,buy,NYSE
tx_0006277,2025-06-19 10:07:55,NFLX,510.63,357.0,sell,NASDAQ
tx_0008830,2025-06-19 10:07:58,NVDA,195.95,933.0,buy,NASDAQ
tx_0006841,2025-06-19 10:08:00,AMZN,3518.34,101.0,buy,NASDAQ
tx_0007416,2025-06-19 10:08:02,FB,326.16,691.0,sell,NASDAQ
tx_0002765,2025-06-19 10:08:03,GOOGL,2821.1,618.0,buy,NASDAQ
tx_0001229,2025-06-19 10:08:04,V,224.38,874.0,buy,NYSE
tx_0005694,2025-06-19 10:08:04,PG,140.47,614.0,sell,NYSE
tx_0000775,2025-06-19 10:08:05,PYPL,242.69,982.0,buy,NASDAQ
tx_0007814,2025-06-19 10:08:06,DIS,182.78,35.0,sell,NYSE
tx_0007646,2025-06-19 10:08:08,DIS,184.86,860.0,buy,
tx_0000890,2025-06-19 10:08:10,WMT,140.67,857.0,buy,NYSE
tx_0007638,2025-06-19 10:08:11,TSLA,703.17,546.0,buy,NASDAQ
tx_0008786,2025-06-19 10:08:12,MCD,258.29,938.0,sell,NYSE
tx_0009137,2025-06-19 10:08:16,GOOGL,2775.73,421.0,buy,NASDAQ
tx_0009217,2025-06-19 10:08:17,MSFT,291.23,137.0,buy,NASDAQ
tx_0001483,2025-06-19 10:08:19,TSLA,693.47,828.0,sell,NASDAQ
tx_0008475,2025-06-19 10:08:22,V,225.4,877.0,sell,NYSE
tx_0002450,2025-06-19 10:08:23,FB,328.6,408.0,buy,NASDAQ
tx_0007707,2025-06-19 10:08:26,WMT,141.64,74.0,sell,NYSE
tx_0005973,2025-06-19 10:08:26,BRK.B,280.58,705.0,sell,NYSE
tx_0003597,2025-06-19 10:08:27,ADBE,609.24,200.0,sell,NASDAQ
tx_0002327,2025-06-19 10:08:28,DIS,183.01,695.0,buy,NYSE
tx_0007934,2025-06-19 10:08:31,TSLA,700.94,66.0,buy,
tx_0005830,2025-06-19 10:08:34,NVDA,197.79,145.0,sell,NASDAQ
tx_0009308,2025-06-19 10:08:35,V,224.15,508.0,sell,NYSE
tx_0000150,2025-06-19 10:08:41,GOOGL,2790.0,401.0,sell,NASDAQ
tx_0003657,2025-06-19 10:08:44,NVDA,199.3,521.0,buy,NASDAQ
tx_0001730,2025-06-19 10:08:53,PYPL,244.82,748.0,buy,NASDAQ
tx_0005795,2025-06-19 10:08:58,PYPL,243.76,543.0,,NASDAQ
tx_0004827,2025-06-19 10:09:00,GOOGL,2782.74,302.0,buy,NASDAQ
tx_0009107,2025-06-19 10:09:01,BRK.B,278.9,580.0,sell,NYSE
tx_0006800,2025-06-19 10:09:02,FB,324.93,958.0,buy,NASDAQ
tx_0004040,2025-06-19 10:09:04,MA,357.69,158.0,sell,NYSE
tx_0000061,2025-06-19 10:09:04,ADBE,604.4,281.0,buy,NASDAQ
tx_0003932,2025-06-19 10:09:10,KO,55.27,582.0,sell,NYSE
tx_0001106,2025-06-19 10:09:10,NFLX,511.7,121.0,buy,NASDAQ
tx_0003750,2025-06-19 10:09:14,PG,138.41,463.0,sell,NYSE
tx_0006852,2025-06-19 10:09:16,PEP,152.35,,sell,NYSE
tx_0001979,2025-06-19 10:09:16,GOOGL,2819.2,775.0,sell,NASDAQ
tx_0009027,2025-06-19 10:09:19,DIS,184.85,782.0,sell,NYSE
tx_0007634,2025-06-19 10:09:21,ADBE,610.37,769.0,buy,NASDAQ
tx_0003119,2025-06-19 10:09:23,WMT,140.0,547.0,buy,NYSE
tx_0007909,2025-06-19 10:09:31,PEP,149.38,776.0,sell,NYSE
tx_0004233,2025-06-19 10:09:32,DIS,181.2,621.0,sell,NYSE
tx_0006193,2025-06-19 10:09:36,GOOGL,2777.32,444.0,buy,NASDAQ
tx_0008373,2025-06-19 10:09:36,NFLX,512.66,939.0,buy,NASDAQ
tx_0000844,2025-06-19 10:09:37,ADBE,610.88,436.0,sell,NASDAQ
tx_0003403,2025-06-19 10:09:40,MA,357.28,902.0,buy,NYSE
tx_0006319,2025-06-19 10:09:45,BRK.B,282.02,264.0,buy,NYSE
tx_0007256,2025-06-19 10:09:46,PEP,,74.0,sell,NYSE
tx_0008642,2025-06-19 10:09:50,MSFT,286.73,644.0,buy,NASDAQ
tx_0003423,2025-06-19 10:09:50,MCD,257.67,499.0,buy,NYSE
tx_0005210,2025-06-19 10:09:51,MA,355.47,149.0,buy,NYSE
tx_0004361,2025-06-19 10:09:54,DIS,,130.0,sell,NYSE
tx_0001393,2025-06-19 10:09:55,AAPL,153.77,755.0,buy,NASDAQ
tx_0008112,2025-06-19 10:09:55,TSLA,705.47,353.0,buy,NASDAQ
tx_0002649,2025-06-19 10:09:59,MSFT,288.69,840.0,sell,NASDAQ
tx_0001989,2025-06-19 10:10:05,ADBE,611.58,570.0,sell,NASDAQ
tx_0007047,2025-06-19 10:10:07,ADBE,612.86,91.0,buy,NASDAQ
tx_0000186,2025-06-19 10:10:11,NVDA,200.61,618.0,buy,NASDAQ
tx_0009245,2025-06-19 10:10:13,GOOGL,2793.51,151.0,sell,NASDAQ
tx_0006362,2025-06-19 10:10:13,PYPL,244.76,471.0,sell,NASDAQ
tx_0004304,2025-06-19 10:10:14,V,221.91,310.0,sell,NYSE
tx_0007090,2025-06-19 10:10:16,NFLX,513.38,788.0,buy,NASDAQ
tx_0001984,2025-06-19 10:10:21,KO,55.73,295.0,sell,NYSE
tx_0007077,2025-06-19 10:10:23,GOOGL,2778.14,364.0,buy,NASDAQ
tx_0009523,2025-06-19 10:10:23,PYPL,246.82,773.0,buy,NASDAQ
tx_0004761,2025-06-19 10:10:25,AAPL,156.2,710.0,sell,NASDAQ
tx_0009863,2025-06-19 10:10:27,PYPL,247.18,258.0,buy,NASDAQ
tx_0008283,2025-06-19 10:10:29,WMT,142.13,194.0,buy,NYSE
tx_0006265,2025-06-19 10:10:31,PYPL,245.36,913.0,sell,NASDAQ
tx_0002991,2025-06-19 10:10:32,PYPL,243.24,713.0,buy,
tx_0008425,2025-06-19 10:10:35,PG,139.45,528.0,sell,NYSE
tx_0005434,2025-06-19 10:10:36,PG,138.75,303.0,sell,NYSE
tx_0006793,2025-06-19 10:10:36,TSLA,697.84,715.0,sell,NASDAQ
tx_0006957,2025-06-19 10:10:37,JNJ,173.84,,buy,NYSE
tx_0007751,2025-06-19 10:10:46,ADBE,612.5,97.0,buy,NASDAQ
tx_0001842,2025-06-19 10:10:47,KO,55.14,327.0,buy,NYSE
tx_0002159,2025-06-19 10:10:54,MSFT,288.01,899.0,sell,NASDAQ
tx_0003329,2025-06-19 10:10:54,PYPL,243.56,315.0,,NASDAQ
tx_0006296,2025-06-19 10:10:54,TSLA,703.53,398.0,sell,NASDAQ
tx_0002057,2025-06-19 10:11:00,AMZN,3479.23,375.0,sell,NASDAQ
tx_0003894,2025-06-19 10:11:01,TSLA,707.79,882.0,buy,NASDAQ
tx_0005739,2025-06-19 10:11:01,PEP,151.75,347.0,sell,NYSE
tx_0003376,2025-06-19 10:11:02,PEP,151.42,611.0,buy,NYSE
tx_0009341,2025-06-19 10:11:04,MCD,252.49,73.0,buy,NYSE
tx_0003229,2025-06-19 10:11:04,WMT,143.19,385.0,buy,NYSE
tx_0006391,2025-06-19 10:11:06,NVDA,197.17,117.0,buy,NASDAQ
tx_0000918,2025-06-19 10:11:09,JNJ,172.37,11.0,sell,NYSE
tx_0002269,2025-06-19 10:11:09,ADBE,607.83,156.0,buy,NASDAQ
tx_0005020,2025-06-19 10:11:10,NVDA,196.51,748.0,buy,NASDAQ
tx_0006363,2025-06-19 10:11:10,PG,140.01,429.0,buy,NYSE
tx_0003473,2025-06-19 10:11:14,FB,324.62,60.0,buy,NASDAQ
tx_0005767,2025-06-19 10:11:17,FB,326.43,303.0,sell,NASDAQ
tx_0008058,2025-06-19 10:11:18,PYPL,245.5,113.0,buy,NASDAQ
tx_0005183,2025-06-19 10:11:18,FB,327.77,54.0,buy,NASDAQ
tx_0005882,2025-06-19 10:11:18,V,223.48,372.0,sell,NYSE
tx_0004940,2025-06-19 10:11:19,PYPL,244.18,926.0,buy,NASDAQ
tx_0008654,2025-06-19 10:11:28,MSFT,290.96,783.0,sell,NASDAQ
tx_0006695,2025-06-19 10:11:32,ADBE,609.93,680.0,sell,NASDAQ
tx_0006297,2025-06-19 10:11:33,KO,55.11,514.0,sell,NYSE
tx_0002568,2025-06-19 10:11:35,BRK.B,280.03,399.0,buy,NYSE
tx_0001133,2025-06-19 10:11:35,AAPL,153.78,773.0,sell,NASDAQ
tx_0009415,2025-06-19 10:11:40,AMZN,3465.41,627.0,buy,NASDAQ
tx_0001835,2025-06-19 10:11:43,JNJ,173.31,745.0,sell,NYSE
tx_0004753,2025-06-19 10:11:44,MSFT,290.27,706.0,sell,NASDAQ
tx_0007658,2025-06-19 10:11:44,V,223.1,2.0,sell,NYSE
tx_0005774,2025-06-19 10:11:51,BRK.B,281.02,386.0,buy,NYSE
tx_0003892,2025-06-19 10:11:52,GOOGL,2803.59,330.0,sell,NASDAQ
tx_0008671,2025-06-19 10:11:53,GOOGL,2793.95,533.0,sell,NASDAQ
tx_0008109,2025-06-19 10:11:57,PEP,152.23,853.0,sell,NYSE
tx_0007828,2025-06-19 10:11:57,NVDA,197.2,797.0,sell,NASDAQ
tx_0007970,2025-06-19 10:12:04,NFLX,516.8,,buy,NASDAQ
tx_0004286,2025-06-19 10:12:05,PG,138.83,571.0,sell,NYSE
tx_0004312,2025-06-19 10:12:06,BRK.B,278.48,769.0,sell,NYSE
tx_0008689,2025-06-19 10:12:07,GOOGL,2834.61,59.0,sell,NASDAQ
tx_0006048,2025-06-19 10:12:10,NVDA,195.99,55.0,sell,NASDAQ
tx_0006177,2025-06-19 10:12:10,AAPL,155.36,425.0,sell,NASDAQ
tx_0007942,2025-06-19 10:12:13,MA,353.77,33.0,buy,NYSE
tx_0005630,2025-06-19 10:12:18,MSFT,291.23,396.0,buy,NASDAQ
tx_0008528,2025-06-19 10:12:19,AAPL,153.56,917.0,sell,NASDAQ
tx_0009097,2025-06-19 10:12:20,AMZN,3479.19,836.0,sell,NASDAQ
tx_0005877,2025-06-19 10:12:23,NVDA,197.38,73.0,buy,NASDAQ
tx_0000753,2025-06-19 10:12:24,TSLA,696.2,534.0,buy,NASDAQ
tx_0000893,2025-06-19 10:12:25,MSFT,287.59,577.0,buy,NASDAQ
tx_0007869,2025-06-19 10:12:25,PYPL,245.18,677.0,sell,NASDAQ
tx_0003964,2025-06-19 10:12:35,GOOGL,2784.77,261.0,sell,NASDAQ
tx_0004891,2025-06-19 10:12:35,MA,353.59,492.0,buy,NYSE
tx_0001288,2025-06-19 10:12:36,PYPL,247.88,944.0,buy,NASDAQ
tx_0000995,2025-06-19 10:12:38,AAPL,155.8,286.0,sell,NASDAQ
tx_0003183,2025-06-19 10:12:43,WMT,143.8,602.0,sell,NYSE
tx_0007460,2025-06-19 10:12:45,PEP,149.84,626.0,sell,NYSE
tx_0003474,2025-06-19 10:12:47,JNJ,174.84,75.0,buy,NYSE
tx_0006768,2025-06-19 10:12:48,AMZN,3516.68,8.0,buy,NASDAQ
tx_0002443,2025-06-19 10:12:50,MSFT,290.91,660.0,buy,NASDAQ
tx_0009615,2025-06-19 10:13:02,NFLX,524.2,50.0,buy,NASDAQ
tx_0002560,2025-06-19 10:13:06,FB,324.62,689.0,sell,NASDAQ
tx_0006278,2025-06-19 10:13:06,JNJ,173.53,285.0,buy,NYSE
tx_0003374,2025-06-19 10:13:10,PYPL,244.08,301.0,buy,NASDAQ
tx_0002134,2025-06-19 10:13:10,GOOGL,2794.8,924.0,sell,NASDAQ
tx_0001665,2025-06-19 10:13:10,NVDA,195.92,526.0,buy,NASDAQ
tx_0000194,2025-06-19 10:13:13,MCD,253.25,804.0,sell,NYSE
tx_0004369,2025-06-19 10:13:20,ADBE,612.22,721.0,buy,NASDAQ
tx_0004828,2025-06-19 10:13:21,BRK.B,282.59,329.0,sell,
tx_0000531,2025-06-19 10:13:22,NFLX,,988.0,buy,NASDAQ
tx_0000546,2025-06-19 10:13:23,PYPL,246.66,888.0,sell,NASDAQ
tx_0004546,2025-06-19 10:13:25,V,221.89,72.0,sell,NYSE
tx_0006586,2025-06-19 10:13:26,TSLA,698.42,521.0,sell,NASDAQ
tx_0003116,2025-06-19 10:13:27,WMT,142.56,856.0,buy,NYSE
tx_0000843,2025-06-19 10:13:33,MSFT,292.9,74.0,buy,NASDAQ
tx_0009183,2025-06-19 10:13:38,WMT,144.71,945.0,buy,NYSE
tx_0000169,2025-06-19 10:13:40,PYPL,245.39,887.0,buy,NASDAQ
tx_0004451,2025-06-19 10:13:41,TSLA,704.26,936.0,buy,
tx_0008147,2025-06-19 10:13:46,DIS,183.65,246.0,sell,NYSE
tx_0006799,2025-06-19 10:13:49,PEP,150.13,953.0,sell,NYSE
tx_0008072,2025-06-19 10:13:50,WMT,143.22,217.0,buy,NYSE
tx_0000907,2025-06-19 10:13:53,NFLX,528.34,315.0,buy,NASDAQ
tx_0009683,2025-06-19 10:13:54,PYPL,244.78,285.0,buy,NASDAQ
tx_0000814,2025-06-19 10:13:54,PEP,149.99,456.0,buy,NYSE
tx_0006668,2025-06-19 10:13:55,PG,139.26,940.0,sell,NYSE
tx_0001811,2025-06-19 10:13:55,PYPL,247.75,915.0,sell,NASDAQ
tx_0004461,2025-06-19 10:13:56,PG,141.12,271.0,sell,NYSE
tx_0008400,2025-06-19 10:13:56,FB,326.76,587.0,sell,NASDAQ
tx_0001580,2025-06-19 10:14:00,JNJ,173.6,491.0,sell,NYSE
tx_0005479,2025-06-19 10:14:01,MA,355.79,616.0,buy,NYSE
tx_0004798,2025-06-19 10:14:01,JNJ,173.52,376.0,sell,NYSE
tx_0003006,2025-06-19 10:14:05,NVDA,196.36,423.0,sell,NASDAQ
tx_0001456,2025-06-19 10:14:09,KO,55.22,122.0,buy,NYSE
tx_0008493,2025-06-19 10:14:09,PG,140.18,845.0,buy,NYSE
tx_0004193,2025-06-19 10:14:10,NVDA,197.58,865.0,buy,NASDAQ
tx_0008548,2025-06-19 10:14:11,ADBE,607.2,571.0,buy,NASDAQ
tx_0007778,2025-06-19 10:14:14,BRK.B,277.3,11.0,buy,NYSE
tx_0005835,2025-06-19 10:14:15,GOOGL,2801.79,728.0,sell,NASDAQ
tx_0007514,2025-06-19 10:14:16,MCD,256.21,966.0,buy,NYSE
tx_0000915,2025-06-19 10:14:17,DIS,182.66,728.0,buy,NYSE
tx_0007299,2025-06-19 10:14:18,DIS,185.35,6.0,buy,NYSE
tx_0001179,2025-06-19 10:14:19,GOOGL,2810.24,143.0,buy,NASDAQ
tx_0002083,2025-06-19 10:14:20,MSFT,289.46,643.0,buy,NASDAQ
tx_0009877,2025-06-19 10:14:26,PEP,151.97,257.0,buy,NYSE
tx_0004270,2025-06-19 10:14:29,AMZN,3461.7,233.0,buy,NASDAQ
tx_0009042,2025-06-19 10:14:33,MA,355.36,492.0,sell,NYSE
tx_0001070,2025-06-19 10:14:34,GOOGL,2842.31,605.0,buy,NASDAQ
tx_0009417,2025-06-19 10:14:36,JNJ,172.01,272.0,buy,NYSE
tx_0008910,2025-06-19 10:14:36,AAPL,154.58,582.0,sell,NASDAQ
tx_0008585,2025-06-19 10:14:37,MSFT,291.61,663.0,buy,NASDAQ
tx_0002639,2025-06-19 10:14:38,KO,55.07,585.0,sell,NYSE
tx_0008233,2025-06-19 10:14:40,JNJ,173.13,367.0,buy,NYSE
tx_0005776,2025-06-19 10:14:41,NVDA,197.96,75.0,sell,NASDAQ
tx_0009835,2025-06-19 10:14:41,DIS,182.25,5.0,sell,NYSE
tx_0002685,2025-06-19 10:14:41,PYPL,245.38,618.0,,NASDAQ
tx_0008624,2025-06-19 10:14:42,NVDA,,903.0,buy,NASDAQ
tx_0005505,2025-06-19 10:14:47,MCD,253.66,167.0,sell,NYSE
tx_0003684,2025-06-19 10:14:47,PG,140.09,851.0,sell,NYSE
tx_0008274,2025-06-19 10:14:48,MCD,254.49,839.0,sell,NYSE
tx_0004946,2025-06-19 10:14:49,WMT,143.37,463.0,buy,NYSE
tx_0005313,2025-06-19 10:14:50,MCD,250.43,84.0,buy,NYSE
tx_0008653,2025-06-19 10:14:53,ADBE,614.02,857.0,sell,NASDAQ
tx_0001629,2025-06-19 10:14:53,MA,354.89,721.0,sell,NYSE
tx_0002976,2025-06-19 10:14:55,TSLA,708.95,181.0,sell,NASDAQ
tx_0002442,2025-06-19 10:14:55,MCD,254.34,364.0,sell,NYSE
tx_0002814,2025-06-19 10:14:56,WMT,142.43,885.0,sell,NYSE
tx_0000135,2025-06-19 10:15:00,DIS,181.97,60.0,buy,NYSE
tx_0007441,2025-06-19 10:15:02,MCD,251.46,677.0,sell,NYSE
tx_0007872,2025-06-19 10:15:03,PYPL,247.51,770.0,buy,NASDAQ
tx_0004781,2025-06-19 10:15:10,WMT,143.45,104.0,sell,NYSE
tx_0001130,2025-06-19 10:15:17,PG,140.23,339.0,buy,NYSE
tx_0003413,2025-06-19 10:15:18,KO,55.36,506.0,buy,NYSE
tx_0000758,2025-06-19 10:15:22,PYPL,245.55,932.0,buy,NASDAQ
tx_0001178,2025-06-19 10:15:23,DIS,184.57,761.0,buy,NYSE
tx_0008602,2025-06-19 10:15:30,DIS,181.95,484.0,sell,NYSE
tx_0005682,2025-06-19 10:15:31,WMT,143.51,607.0,sell,NYSE
tx_0003259,2025-06-19 10:15:32,PEP,151.02,69.0,sell,NYSE
tx_0002802,2025-06-19 10:15:34,MCD,254.53,348.0,buy,NYSE
tx_0004672,2025-06-19 10:15:34,ADBE,605.19,638.0,sell,NASDAQ
tx_0008752,2025-06-19 10:15:37,MCD,255.65,336.0,sell,NYSE
tx_0008570,2025-06-19 10:15:43,MA,354.78,870.0,sell,NYSE
tx_0009433,2025-06-19 10:15:46,MA,354.78,996.0,sell,NYSE
tx_0003813,2025-06-19 10:15:49,TSLA,710.38,705.0,sell,NASDAQ
tx_0005913,2025-06-19 10:15:55,AAPL,153.68,343.0,sell,NASDAQ
tx_0005233,2025-06-19 10:15:56,PEP,150.31,967.0,buy,NYSE
tx_0002452,2025-06-19 10:15:59,NVDA,195.92,93.0,buy,
tx_0002523,2025-06-19 10:16:09,ADBE,605.19,3.0,buy,NASDAQ
tx_0008379,2025-06-19 10:16:11,PEP,151.5,359.0,buy,NYSE
tx_0001704,2025-06-19 10:16:14,TSLA,708.77,338.0,sell,NASDAQ
tx_0008055,2025-06-19 10:16:15,NFLX,527.87,939.0,buy,NASDAQ
tx_0000601,2025-06-19 10:16:16,BRK.B,280.46,717.0,sell,NYSE
tx_0000744,2025-06-19 10:16:16,BRK.B,280.77,125.0,buy,NYSE
tx_0001796,2025-06-19 10:16:19,GOOGL,2860.83,613.0,buy,NASDAQ
tx_0007140,2025-06-19 10:16:22,JNJ,174.11,889.0,buy,NYSE
tx_0001111,2025-06-19 10:16:25,NVDA,197.9,353.0,sell,NASDAQ
tx_0009156,2025-06-19 10:16:32,MCD,255.85,726.0,sell,NYSE
tx_0008082,2025-06-19 10:16:32,ADBE,606.05,346.0,sell,NASDAQ
tx_0003472,2025-06-19 10:16:33,TSLA,708.44,787.0,sell,NASDAQ
tx_0001927,2025-06-19 10:16:33,WMT,144.9,707.0,sell,NYSE
tx_0009385,2025-06-19 10:16:35,PG,140.95,360.0,sell,NYSE
tx_0003417,2025-06-19 10:16:37,MSFT,292.25,105.0,sell,NASDAQ
tx_0004813,2025-06-19 10:16:37,GOOGL,2827.49,977.0,sell,NASDAQ
tx_0000835,2025-06-19 10:16:38,V,224.44,602.0,buy,NYSE
tx_0005673,2025-06-19 10:16:38,DIS,182.22,648.0,buy,NYSE
tx_0009947,2025-06-19 10:16:42,WMT,145.18,255.0,buy,NYSE
tx_0004480,2025-06-19 10:16:42,PG,139.85,511.0,sell,NYSE
tx_0003984,2025-06-19 10:16:45,PYPL,248.3,159.0,sell,NASDAQ
tx_0004507,2025-06-19 10:16:47,JNJ,173.16,292.0,buy,NYSE
tx_0004758,2025-06-19 10:16:48,AMZN,3479.11,887.0,sell,NASDAQ
tx_0004094,2025-06-19 10:16:49,FB,325.55,253.0,buy,NASDAQ
tx_0001252,2025-06-19 10:16:52,WMT,143.44,772.0,buy,NYSE
tx_0006260,2025-06-19 10:16:53,DIS,183.4,828.0,buy,NYSE
tx_0006292,2025-06-19 10:16:54,NVDA,195.23,150.0,buy,NASDAQ
tx_0002417,2025-06-19 10:17:08,FB,326.95,777.0,sell,NASDAQ
tx_0007336,2025-06-19 10:17:08,MA,348.88,227.0,buy,NYSE
tx_0008662,2025-06-19 10:17:09,WMT,145.33,694.0,sell,NYSE
tx_0001172,2025-06-19 10:17:09,AAPL,154.88,2.0,buy,NASDAQ
tx_0007031,2025-06-19 10:17:11,MSFT,290.61,562.0,buy,NASDAQ
tx_0006350,2025-06-19 10:17:12,MCD,252.34,54.0,buy,NYSE
tx_0001849,2025-06-19 10:17:12,FB,325.56,940.0,buy,NASDAQ
tx_0000153,2025-06-19 10:17:12,AMZN,3480.38,275.0,buy,NASDAQ
tx_0001349,2025-06-19 10:17:12,TSLA,701.61,232.0,sell,NASDAQ
tx_0000963,2025-06-19 10:17:14,WMT,143.1,191.0,buy,NYSE
tx_0006582,2025-06-19 10:17:15,V,224.41,11.0,sell,NYSE
tx_0007309,2025-06-19 10:17:18,AMZN,3480.17,254.0,buy,NASDAQ
tx_0002328,2025-06-19 10:17:22,NVDA,197.28,548.0,buy,NASDAQ
tx_0002162,2025-06-19 10:17:24,PG,141.28,434.0,buy,NYSE
tx_0002116,2025-06-19 10:17:26,TSLA,710.51,918.0,buy,NASDAQ
tx_0006973,2025-06-19 10:17:28,NVDA,197.49,,sell,NASDAQ
tx_0006368,2025-06-19 10:17:39,TSLA,705.16,140.0,sell,NASDAQ
tx_0006606,2025-06-19 10:17:40,ADBE,614.28,758.0,sell,NASDAQ
tx_0005957,2025-06-19 10:17:43,MA,352.11,257.0,sell,NYSE
tx_0009301,2025-06-19 10:17:46,PG,139.29,817.0,sell,NYSE
tx_0007700,2025-06-19 10:17:48,MA,352.06,92.0,sell,NYSE
tx_0003251,2025-06-19 10:17:52,MA,349.44,133.0,buy,NYSE
tx_0008732,2025-06-19 10:17:56,PG,139.46,207.0,buy,NYSE
tx_0002169,2025-06-19 10:18:04,TSLA,706.95,53.0,buy,NASDAQ
tx_0002785,2025-06-19 10:18:09,DIS,183.01,21.0,sell,NYSE
tx_0007454,2025-06-19 10:18:09,FB,322.28,202.0,sell,NASDAQ
tx_0004337,2025-06-19 10:18:11,ADBE,609.55,529.0,buy,NASDAQ
tx_0009700,2025-06-19 10:18:12,V,222.11,382.0,buy,NYSE
tx_0001865,2025-06-19 10:18:13,NFLX,518.0,916.0,buy,NASDAQ
tx_0000485,2025-06-19 10:18:13,TSLA,698.83,22.0,sell,NASDAQ
tx_0001915,2025-06-19 10:18:13,AMZN,3512.34,314.0,buy,NASDAQ
tx_0008408,2025-06-19 10:18:14,PYPL,248.53,598.0,sell,NASDAQ
tx_0001474,2025-06-19 10:18:14,AMZN,3490.99,102.0,sell,NASDAQ
tx_0009838,2025-06-19 10:18:17,AAPL,153.87,328.0,buy,NASDAQ
tx_0005010,2025-06-19 10:18:17,KO,54.92,35.0,sell,NYSE
tx_0009987,2025-06-19 10:18:18,MCD,255.89,29.0,sell,NYSE
tx_0001646,2025-06-19 10:18:18,TSLA,709.09,516.0,sell,NASDAQ
tx_0006439,2025-06-19 10:18:18,MSFT,291.79,784.0,buy,NASDAQ
tx_0009398,2025-06-19 10:18:19,NFLX,519.86,805.0,buy,NASDAQ
tx_0004998,2025-06-19 10:18:21,AMZN,3479.6,188.0,buy,NASDAQ
tx_0000877,2025-06-19 10:18:22,MA,350.95,755.0,sell,NYSE
tx_0003594,2025-06-19 10:18:23,MSFT,289.91,993.0,buy,NASDAQ
tx_0005205,2025-06-19 10:18:25,BRK.B,279.17,925.0,sell,NYSE
tx_0009010,2025-06-19 10:18:26,MSFT,291.99,300.0,buy,NASDAQ
tx_0002875,2025-06-19 10:18:27,V,221.07,340.0,sell,NYSE
tx_0002632,2025-06-19 10:18:30,PEP,148.29,687.0,buy,NYSE
tx_0004645,2025-06-19 10:18:30,NVDA,196.55,45.0,buy,NASDAQ
tx_0009592,2025-06-19 10:18:33,BRK.B,277.51,354.0,sell,NYSE
tx_0003050,2025-06-19 10:18:34,NFLX,522.86,974.0,buy,NASDAQ
tx_0008419,2025-06-19 10:18:36,KO,55.85,248.0,buy,NYSE
tx_0008583,2025-06-19 10:18:42,JNJ,173.46,692.0,buy,NYSE
tx_0006187,2025-06-19 10:18:43,PEP,150.47,397.0,buy,NYSE
tx_0007936,2025-06-19 10:18:48,PG,140.02,534.0,sell,NYSE
tx_0003867,2025-06-19 10:18:50,ADBE,618.39,38.0,buy,NASDAQ
tx_0008841,2025-06-19 10:18:50,JNJ,173.85,614.0,sell,NYSE
tx_0000238,2025-06-19 10:18:55,AMZN,3498.78,820.0,buy,NASDAQ
tx_0000693,2025-06-19 10:18:58,WMT,144.65,324.0,sell,NYSE
tx_0000993,2025-06-19 10:18:58,AAPL,154.44,2.0,sell,NASDAQ
tx_0005925,2025-06-19 10:19:02,DIS,181.98,254.0,buy,NYSE
tx_0005031,2025-06-19 10:19:02,AAPL,152.82,961.0,sell,NASDAQ
tx_0003357,2025-06-19 10:19:04,AMZN,3480.42,590.0,sell,NASDAQ
tx_0003124,2025-06-19 10:19:04,ADBE,614.58,588.0,buy,NASDAQ
tx_0004242,2025-06-19 10:19:12,MA,349.33,852.0,buy,NYSE
tx_0004487,2025-06-19 10:19:13,MSFT,293.52,139.0,buy,NASDAQ
tx_0007705,2025-06-19 10:19:19,FB,324.3,53.0,sell,NASDAQ
tx_0009507,2025-06-19 10:19:20,DIS,182.02,943.0,sell,NYSE
tx_0003949,2025-06-19 10:19:25,MA,354.83,366.0,buy,NYSE
tx_0003193,2025-06-19 10:19:29,FB,323.63,92.0,buy,NASDAQ
tx_0005966,2025-06-19 10:19:32,V,220.55,344.0,sell,NYSE
tx_0007151,2025-06-19 10:19:36,JNJ,175.01,200.0,sell,NYSE
tx_0003761,2025-06-19 10:19:41,MA,351.28,539.0,sell,NYSE
tx_0000625,2025-06-19 10:19:44,ADBE,611.39,788.0,buy,NASDAQ
tx_0002282,2025-06-19 10:19:45,JNJ,175.4,437.0,buy,NYSE
tx_0002250,2025-06-19 10:19:47,TSLA,700.31,773.0,buy,NASDAQ
tx_0003083,2025-06-19 10:19:54,AMZN,3492.05,691.0,sell,NASDAQ
tx_0009553,2025-06-19 10:19:54,DIS,182.39,300.0,sell,NYSE
tx_0003968,2025-06-19 10:19:58,KO,55.55,939.0,sell,NYSE
tx_0001813,2025-06-19 10:20:02,PYPL,247.59,691.0,buy,NASDAQ
tx_0004090,2025-06-19 10:20:03,PYPL,246.51,340.0,sell,NASDAQ
tx_0004184,2025-06-19 10:20:04,V,221.4,340.0,sell,NYSE
tx_0008854,2025-06-19 10:20:08,KO,56.07,604.0,sell,NYSE
tx_0007818,2025-06-19 10:20:16,JNJ,174.35,10.0,sell,NYSE
tx_0007265,2025-06-19 10:20:16,PYPL,246.81,17.0,buy,NASDAQ
tx_0004116,2025-06-19 10:20:19,NVDA,197.78,531.0,buy,NASDAQ
tx_0008673,2025-06-19 10:20:27,BRK.B,278.79,187.0,buy,NYSE
tx_0007544,2025-06-19 10:20:28,V,219.02,705.0,sell,NYSE
tx_0009383,2025-06-19 10:20:30,WMT,144.46,8.0,sell,NYSE
tx_0009028,2025-06-19 10:20:31,GOOGL,2818.19,43.0,buy,NASDAQ
tx_0001862,2025-06-19 10:20:34,PG,140.0,346.0,sell,NYSE
tx_0006568,2025-06-19 10:20:38,NFLX,524.98,733.0,sell,NASDAQ
tx_0007571,2025-06-19 10:20:45,ADBE,613.69,706.0,buy,NASDAQ
tx_0004860,2025-06-19 10:20:46,MSFT,290.95,105.0,sell,NASDAQ
tx_0003941,2025-06-19 10:20:54,AAPL,152.29,103.0,sell,NASDAQ
tx_0007171,2025-06-19 10:20:56,AMZN,3515.06,367.0,sell,NASDAQ
tx_0006804,2025-06-19 10:20:56,BRK.B,276.58,357.0,buy,NYSE
tx_0008420,2025-06-19 10:20:57,BRK.B,276.77,409.0,sell,NYSE
tx_0007627,2025-06-19 10:21:00,AMZN,3507.91,440.0,sell,NASDAQ
tx_0008936,2025-06-19 10:21:03,KO,55.92,942.0,buy,NYSE
tx_0001654,2025-06-19 10:21:08,PYPL,245.57,27.0,buy,NASDAQ
tx_0005299,2025-06-19 10:21:15,AAPL,151.21,445.0,buy,NASDAQ
tx_0001306,2025-06-19 10:21:16,KO,55.7,28.0,buy,NYSE
tx_0009716,2025-06-19 10:21:17,WMT,145.44,92.0,sell,NYSE
tx_0004389,2025-06-19 10:21:18,ADBE,612.89,36.0,buy,NASDAQ
tx_0007895,2025-06-19 10:21:25,GOOGL,2811.67,86.0,buy,NASDAQ
tx_0008578,2025-06-19 10:21:27,FB,323.94,75.0,sell,NASDAQ
tx_0002312,2025-06-19 10:21:38,ADBE,,54.0,buy,NASDAQ
tx_0007602,2025-06-19 10:21:40,AMZN,3552.28,240.0,sell,NASDAQ
tx_0006673,2025-06-19 10:21:41,DIS,180.68,777.0,buy,NYSE
tx_0002722,2025-06-19 10:21:45,ADBE,615.92,89.0,sell,NASDAQ
tx_0004701,2025-06-19 10:21:48,AAPL,154.11,604.0,sell,NASDAQ
tx_0005102,2025-06-19 10:21:50,KO,55.28,262.0,sell,NYSE
tx_0005274,2025-06-19 10:21:50,GOOGL,2841.93,483.0,sell,NASDAQ
tx_0003625,2025-06-19 10:21:51,V,222.48,351.0,buy,NYSE
tx_0003021,2025-06-19 10:21:51,KO,55.82,383.0,buy,NYSE
tx_0008332,2025-06-19 10:21:52,PG,140.72,644.0,sell,NYSE
tx_0002667,2025-06-19 10:21:54,AAPL,153.73,787.0,sell,NASDAQ
tx_0008626,2025-06-19 10:21:54,PYPL,249.54,597.0,buy,NASDAQ
tx_0005976,2025-06-19 10:21:56,NVDA,198.89,637.0,buy,NASDAQ
tx_0009521,2025-06-19 10:21:58,PG,140.24,424.0,sell,NYSE
tx_0005113,2025-06-19 10:22:00,MCD,255.92,720.0,sell,NYSE
tx_0003865,2025-06-19 10:22:01,TSLA,696.59,304.0,buy,NASDAQ
tx_0002357,2025-06-19 10:22:07,MA,349.3,882.0,buy,NYSE
tx_0004704,2025-06-19 10:22:11,PEP,149.86,932.0,sell,NYSE
tx_0001372,2025-06-19 10:22:14,WMT,142.58,101.0,buy,
tx_0003676,2025-06-19 10:22:14,AMZN,3540.84,245.0,sell,NASDAQ
tx_0006757,2025-06-19 10:22:17,GOOGL,2806.65,937.0,sell,NASDAQ
tx_0001601,2025-06-19 10:22:20,FB,320.94,800.0,buy,NASDAQ
tx_0007071,2025-06-19 10:22:21,NFLX,520.44,373.0,sell,NASDAQ
tx_0002021,2025-06-19 10:22:21,BRK.B,277.44,810.0,buy,NYSE
tx_0007649,2025-06-19 10:22:23,TSLA,705.22,738.0,sell,NASDAQ
tx_0004503,2025-06-19 10:22:24,MA,349.55,9.0,buy,NYSE
tx_0002965,2025-06-19 10:22:24,MA,351.24,464.0,sell,NYSE
tx_0000262,2025-06-19 10:22:24,AMZN,3518.45,387.0,buy,NASDAQ
tx_0006398,2025-06-19 10:22:25,FB,324.13,750.0,buy,NASDAQ
tx_0005106,2025-06-19 10:22:30,MA,351.6,802.0,sell,NYSE
tx_0002562,2025-06-19 10:22:30,PEP,151.29,103.0,sell,NYSE
tx_0001352,2025-06-19 10:22:30,FB,322.08,187.0,buy,NASDAQ
tx_0003920,2025-06-19 10:22:39,NFLX,524.08,578.0,buy,NASDAQ
tx_0009094,2025-06-19 10:22:40,JNJ,176.13,650.0,sell,NYSE
tx_0002551,2025-06-19 10:22:43,AAPL,,831.0,buy,NASDAQ
tx_0000613,2025-06-19 10:22:46,MA,354.22,738.0,buy,NYSE
tx_0005266,2025-06-19 10:22:46,JNJ,176.99,312.0,buy,NYSE
tx_0006406,2025-06-19 10:22:52,ADBE,617.61,459.0,sell,NASDAQ
tx_0008540,2025-06-19 10:22:52,ADBE,612.73,638.0,sell,NASDAQ
tx_0000780,2025-06-19 10:22:56,V,221.98,267.0,buy,NYSE
tx_0007892,2025-06-19 10:22:56,JNJ,176.4,915.0,buy,NYSE
tx_0002819,2025-06-19 10:22:58,KO,55.38,36.0,sell,NYSE
tx_0000657,2025-06-19 10:23:00,MSFT,293.1,42.0,sell,NASDAQ
tx_0002742,2025-06-19 10:23:11,FB,327.65,608.0,sell,NASDAQ
tx_0002601,2025-06-19 10:23:12,BRK.B,276.69,707.0,sell,NYSE
tx_0007826,2025-06-19 10:23:16,MCD,257.48,469.0,buy,NYSE
tx_0007341,2025-06-19 10:23:18,MCD,257.17,575.0,sell,NYSE
tx_0009763,2025-06-19 10:23:21,MSFT,289.91,333.0,buy,NASDAQ
tx_0005132,2025-06-19 10:23:23,NVDA,199.68,374.0,sell,NASDAQ
tx_0004427,2025-06-19 10:23:23,MCD,257.11,335.0,buy,NYSE
tx_0002179,2025-06-19 10:23:24,NFLX,526.52,57.0,sell,NASDAQ
tx_0004775,2025-06-19 10:23:24,TSLA,701.29,996.0,buy,NASDAQ
tx_0000213,2025-06-19 10:23:26,PEP,151.86,748.0,sell,NYSE
tx_0007393,2025-06-19 10:23:27,NVDA,199.4,935.0,sell,NASDAQ
tx_0009249,2025-06-19 10:23:28,AMZN,3563.83,300.0,sell,NASDAQ
tx_0002456,2025-06-19 10:23:30,NFLX,526.41,260.0,sell,NASDAQ
tx_0009365,2025-06-19 10:23:30,FB,323.94,653.0,sell,NASDAQ
tx_0006925,2025-06-19 10:23:32,FB,327.89,706.0,buy,NASDAQ
tx_0004174,2025-06-19 10:23:34,FB,326.93,115.0,buy,NASDAQ
tx_0008095,2025-06-19 10:23:35,ADBE,608.83,594.0,buy,NASDAQ
tx_0004037,2025-06-19 10:23:35,AAPL,153.27,693.0,buy,NASDAQ
tx_0006858,2025-06-19 10:23:36,KO,54.83,649.0,buy,NYSE
tx_0000655,2025-06-19 10:23:37,NVDA,197.69,888.0,buy,NASDAQ
tx_0003721,2025-06-19 10:23:37,TSLA,693.47,914.0,sell,NASDAQ
tx_0001682,2025-06-19 10:23:37,JNJ,177.2,383.0,sell,NYSE
tx_0008412,2025-06-19 10:23:37,MCD,254.89,17.0,buy,NYSE
tx_0002755,2025-06-19 10:23:40,ADBE,609.31,902.0,sell,NASDAQ
tx_0000518,2025-06-19 10:23:43,KO,55.81,55.0,sell,NYSE
tx_0003817,2025-06-19 10:23:46,GOOGL,2807.38,398.0,buy,NASDAQ
tx_0006484,2025-06-19 10:23:51,GOOGL,2828.21,894.0,sell,NASDAQ
tx_0004706,2025-06-19 10:23:51,PYPL,247.13,885.0,sell,NASDAQ
tx_0000527,2025-06-19 10:23:55,MCD,255.88,431.0,buy,NYSE
tx_0003489,2025-06-19 10:23:55,DIS,182.05,614.0,sell,NYSE
tx_0008327,2025-06-19 10:23:56,NVDA,198.64,155.0,buy,NASDAQ
tx_0009825,2025-06-19 10:23:58,WMT,142.62,68.0,buy,NYSE
tx_0001256,2025-06-19 10:24:03,GOOGL,2823.93,996.0,buy,NASDAQ
tx_0003159,2025-06-19 10:24:07,AMZN,3534.33,792.0,buy,NASDAQ
tx_0006499,2025-06-19 10:24:11,V,221.32,906.0,sell,NYSE
tx_0000466,2025-06-19 10:24:14,NFLX,526.63,308.0,sell,NASDAQ
tx_0003632,2025-06-19 10:24:15,MA,349.12,169.0,sell,NYSE
tx_0007124,2025-06-19 10:24:15,WMT,142.95,74.0,buy,
tx_0007133,2025-06-19 10:24:19,PEP,152.04,440.0,buy,NYSE
tx_0007215,2025-06-19 10:24:23,FB,328.15,836.0,buy,NASDAQ
tx_0007260,2025-06-19 10:24:24,GOOGL,2861.64,862.0,buy,NASDAQ
tx_0009032,2025-06-19 10:24:27,MA,348.95,645.0,buy,NYSE
tx_0005615,2025-06-19 10:24:27,NFLX,523.66,334.0,sell,NASDAQ
tx_0003040,2025-06-19 10:24:28,MA,353.77,530.0,buy,NYSE
tx_0007373,2025-06-19 10:24:34,V,217.9,733.0,buy,NYSE
tx_0009693,2025-06-19 10:24:35,NVDA,195.2,532.0,sell,NASDAQ
tx_0003931,2025-06-19 10:24:41,BRK.B,275.85,671.0,sell,NYSE
tx_0003648,2025-06-19 10:24:43,PG,139.07,659.0,buy,NYSE
tx_0003322,2025-06-19 10:24:44,MA,349.2,551.0,buy,NYSE
tx_0001037,2025-06-19 10:24:47,PYPL,247.44,503.0,buy,NASDAQ
tx_0003007,2025-06-19 10:24:48,GOOGL,2800.39,468.0,sell,
tx_0009998,2025-06-19 10:24:51,TSLA,693.89,757.0,buy,NASDAQ
tx_0001922,2025-06-19 10:24:51,DIS,182.58,455.0,buy,NYSE
tx_0006659,2025-06-19 10:24:56,NFLX,524.52,134.0,sell,NASDAQ
tx_0003079,2025-06-19 10:25:05,PEP,152.29,229.0,sell,NYSE
tx_0003015,2025-06-19 10:25:08,FB,323.05,705.0,sell,NASDAQ
tx_0003547,2025-06-19 10:25:09,FB,321.79,207.0,buy,NASDAQ
tx_0001036,2025-06-19 10:25:10,NFLX,517.83,723.0,buy,NASDAQ
tx_0006775,2025-06-19 10:25:11,MCD,253.28,918.0,sell,NYSE
tx_0001622,2025-06-19 10:25:13,NFLX,521.94,512.0,buy,NASDAQ
tx_0009154,2025-06-19 10:25:13,PEP,152.55,640.0,buy,NYSE
tx_0000187,2025-06-19 10:25:15,AAPL,154.81,489.0,,NASDAQ
tx_0007006,2025-06-19 10:25:17,ADBE,605.35,345.0,buy,NASDAQ
tx_0007198,2025-06-19 10:25:17,AAPL,152.15,564.0,sell,NASDAQ
tx_0003661,2025-06-19 10:25:23,DIS,182.77,700.0,sell,NYSE
tx_0000362,2025-06-19 10:25:26,PG,141.34,819.0,buy,NYSE
tx_0003758,2025-06-19 10:25:28,FB,325.19,485.0,sell,NASDAQ
tx_0003009,2025-06-19 10:25:34,PYPL,244.49,376.0,buy,NASDAQ
tx_0003967,2025-06-19 10:25:34,JNJ,177.18,154.0,buy,NYSE
tx_0007369,2025-06-19 10:25:41,TSLA,695.17,324.0,buy,NASDAQ
tx_0001625,2025-06-19 10:25:42,V,221.77,144.0,buy,NYSE
tx_0008002,2025-06-19 10:25:43,GOOGL,2805.48,35.0,buy,NASDAQ
tx_0000460,2025-06-19 10:25:44,FB,321.76,582.0,sell,NASDAQ
tx_0008027,2025-06-19 10:25:53,AAPL,154.38,763.0,buy,NASDAQ
tx_0000967,2025-06-19 10:25:56,AAPL,152.29,621.0,buy,NASDAQ
tx_0009313,2025-06-19 10:25:56,PEP,152.16,867.0,buy,NYSE
tx_0004950,2025-06-19 10:25:56,NVDA,199.21,681.0,sell,NASDAQ
tx_0001078,2025-06-19 10:25:56,MA,356.61,775.0,buy,NYSE
tx_0007114,2025-06-19 10:26:02,V,221.55,230.0,buy,NYSE
tx_0006619,2025-06-19 10:26:07,JNJ,174.7,257.0,sell,NYSE
tx_0009190,2025-06-19 10:26:11,FB,322.32,223.0,buy,NASDAQ
tx_0009679,2025-06-19 10:26:16,PEP,151.99,634.0,sell,NYSE
tx_0004871,2025-06-19 10:26:18,PEP,152.49,138.0,sell,NYSE
tx_0001660,2025-06-19 10:26:19,JNJ,174.81,871.0,sell,NYSE
tx_0000034,2025-06-19 10:26:32,V,220.56,498.0,buy,NYSE
tx_0007742,2025-06-19 10:26:34,JNJ,173.74,145.0,sell,NYSE
tx_0008902,2025-06-19 10:26:36,NFLX,525.82,987.0,sell,NASDAQ
tx_0004831,2025-06-19 10:26:40,NFLX,526.98,274.0,buy,NASDAQ
tx_0004255,2025-06-19 10:26:42,PG,139.24,324.0,buy,NYSE
tx_0009233,2025-06-19 10:26:46,DIS,180.85,568.0,sell,NYSE
tx_0000538,2025-06-19 10:26:47,PG,139.36,543.0,sell,NYSE
tx_0005824,2025-06-19 10:26:50,TSLA,694.96,816.0,buy,NASDAQ
tx_0006300,2025-06-19 10:26:51,PEP,150.73,987.0,buy,NYSE
tx_0009297,2025-06-19 10:26:51,MCD,256.9,777.0,buy,NYSE
tx_0009602,2025-06-19 10:26:53,MA,350.9,181.0,sell,NYSE
tx_0007880,2025-06-19 10:26:56,JNJ,173.64,411.0,sell,NYSE
tx_0003889,2025-06-19 10:27:01,V,218.45,483.0,buy,NYSE
tx_0000008,2025-06-19 10:27:01,MA,354.64,214.0,buy,NYSE
tx_0006519,2025-06-19 10:27:04,PEP,151.9,27.0,sell,NYSE
tx_0000998,2025-06-19 10:27:05,MSFT,288.76,91.0,buy,NASDAQ
tx_0006190,2025-06-19 10:27:06,BRK.B,276.13,443.0,sell,NYSE
tx_0008933,2025-06-19 10:27:06,JNJ,177.02,768.0,sell,NYSE
tx_0009724,2025-06-19 10:27:11,PYPL,,586.0,buy,NASDAQ
tx_0006737,2025-06-19 10:27:18,PEP,151.34,980.0,buy,NYSE
tx_0007419,2025-06-19 10:27:22,PG,138.3,44.0,buy,NYSE
tx_0008647,2025-06-19 10:27:22,MSFT,290.74,353.0,buy,NASDAQ
tx_0006454,2025-06-19 10:27:24,NVDA,198.22,316.0,sell,NASDAQ
tx_0009601,2025-06-19 10:27:26,NVDA,198.94,794.0,buy,NASDAQ
tx_0009324,2025-06-19 10:27:27,AMZN,3567.31,150.0,buy,NASDAQ
tx_0005656,2025-06-19 10:27:30,V,220.93,610.0,sell,NYSE
tx_0000739,2025-06-19 10:27:30,MCD,255.36,420.0,sell,NYSE
tx_0009550,2025-06-19 10:27:33,TSLA,703.45,568.0,sell,NASDAQ
tx_0006875,2025-06-19 10:27:34,KO,55.22,505.0,buy,NYSE
tx_0001335,2025-06-19 10:27:35,PEP,151.66,881.0,sell,NYSE
tx_0003182,2025-06-19 10:27:41,TSLA,696.05,898.0,,NASDAQ
tx_0008353,2025-06-19 10:27:46,WMT,143.29,486.0,sell,NYSE
tx_0006555,2025-06-19 10:27:47,PYPL,247.98,667.0,sell,NASDAQ
tx_0007080,2025-06-19 10:27:50,MA,353.88,949.0,sell,NYSE
tx_0008456,2025-06-19 10:27:53,WMT,146.04,1.0,buy,NYSE
tx_0000060,2025-06-19 10:27:57,MA,356.97,311.0,buy,NYSE
tx_0007815,2025-06-19 10:28:02,JNJ,174.84,779.0,buy,NYSE
tx_0007757,2025-06-19 10:28:03,PYPL,245.48,721.0,buy,NASDAQ
tx_0004149,2025-06-19 10:28:09,PEP,151.34,652.0,buy,NYSE
tx_0008835,2025-06-19 10:28:09,ADBE,607.83,845.0,buy,NASDAQ
tx_0009283,2025-06-19 10:28:10,MA,357.22,547.0,sell,NYSE
tx_0005169,2025-06-19 10:28:11,NVDA,199.32,988.0,sell,NASDAQ
tx_0008343,2025-06-19 10:28:12,MA,356.51,12.0,sell,NYSE
tx_0006646,2025-06-19 10:28:16,JNJ,175.58,81.0,buy,NYSE
tx_0000080,2025-06-19 10:28:17,BRK.B,280.79,919.0,buy,NYSE
tx_0007615,2025-06-19 10:28:26,WMT,144.58,405.0,buy,NYSE
tx_0007367,2025-06-19 10:28:28,GOOGL,2793.82,683.0,buy,NASDAQ
tx_0008413,2025-06-19 10:28:32,V,221.76,672.0,buy,NYSE
tx_0004575,2025-06-19 10:28:33,PG,139.86,85.0,sell,NYSE
tx_0009914,2025-06-19 10:28:36,PEP,152.72,584.0,buy,NYSE
tx_0002624,2025-06-19 10:28:38,GOOGL,2796.27,747.0,buy,NASDAQ
tx_0000761,2025-06-19 10:28:41,WMT,145.6,631.0,buy,NYSE
tx_0008629,2025-06-19 10:28:43,TSLA,697.72,223.0,sell,NASDAQ
tx_0001157,2025-06-19 10:28:45,V,218.85,882.0,sell,NYSE
tx_0004277,2025-06-19 10:28:47,FB,322.1,137.0,buy,NASDAQ
tx_0005953,2025-06-19 10:28:50,NFLX,523.07,136.0,buy,NASDAQ
tx_0008429,2025-06-19 10:28:56,V,218.29,863.0,buy,NYSE
tx_0008161,2025-06-19 10:28:57,JNJ,174.29,25.0,buy,NYSE
tx_0005696,2025-06-19 10:28:59,AAPL,152.69,531.0,buy,NASDAQ
tx_0008569,2025-06-19 10:29:01,TSLA,700.09,708.0,buy,NASDAQ
tx_0000848,2025-06-19 10:29:08,V,220.36,137.0,sell,NYSE
tx_0009307,2025-06-19 10:29:08,AAPL,153.44,125.0,sell,NASDAQ
tx_0005688,2025-06-19 10:29:15,WMT,144.53,941.0,sell,NYSE
tx_0004843,2025-06-19 10:29:17,GOOGL,2836.77,165.0,sell,
tx_0004243,2025-06-19 10:29:19,TSLA,696.66,124.0,sell,NASDAQ
tx_0007227,2025-06-19 10:29:23,NFLX,521.84,735.0,sell,NASDAQ
tx_0008278,2025-06-19 10:29:24,GOOGL,2823.04,777.0,sell,NASDAQ
tx_0006908,2025-06-19 10:29:25,BRK.B,277.19,86.0,buy,NYSE
tx_0002387,2025-06-19 10:29:27,GOOGL,2821.07,674.0,sell,NASDAQ
tx_0004338,2025-06-19 10:29:27,V,220.8,24.0,sell,NYSE
tx_0005521,2025-06-19 10:29:28,TSLA,700.26,252.0,sell,NASDAQ
tx_0005362,2025-06-19 10:29:28,GOOGL,2804.82,735.0,buy,NASDAQ
tx_0000148,2025-06-19 10:29:29,PYPL,246.5,386.0,sell,NASDAQ
tx_0000173,2025-06-19 10:29:34,NFLX,517.51,701.0,buy,NASDAQ
tx_0008370,2025-06-19 10:29:34,WMT,144.54,909.0,buy,NYSE
tx_0005779,2025-06-19 10:29:36,AAPL,154.75,112.0,buy,NASDAQ
tx_0009641,2025-06-19 10:29:42,FB,323.54,82.0,buy,NASDAQ
tx_0009706,2025-06-19 10:29:44,MA,353.34,663.0,buy,NYSE
tx_0001384,2025-06-19 10:29:45,ADBE,616.15,466.0,buy,NASDAQ
tx_0002609,2025-06-19 10:29:55,FB,318.69,122.0,sell,NASDAQ
tx_0009670,2025-06-19 10:29:55,FB,321.51,668.0,sell,NASDAQ
tx_0001643,2025-06-19 10:30:01,NFLX,518.01,908.0,buy,NASDAQ
tx_0001675,2025-06-19 10:30:03,FB,321.86,63.0,buy,NASDAQ
tx_0001592,2025-06-19 10:30:11,PG,139.32,320.0,sell,NYSE
tx_0002172,2025-06-19 10:30:16,MA,354.14,542.0,buy,NYSE
tx_0003772,2025-06-19 10:30:20,MA,352.92,383.0,sell,NYSE
tx_0000713,2025-06-19 10:30:20,BRK.B,279.32,251.0,sell,NYSE
tx_0000405,2025-06-19 10:30:20,MA,351.82,239.0,buy,NYSE
tx_0002795,2025-06-19 10:30:24,JNJ,175.16,184.0,sell,NYSE
tx_0000278,2025-06-19 10:30:25,TSLA,702.1,345.0,sell,NASDAQ
tx_0002773,2025-06-19 10:30:25,MA,357.3,163.0,buy,NYSE
tx_0000884,2025-06-19 10:30:28,V,221.57,488.0,sell,NYSE
tx_0007200,2025-06-19 10:30:28,PG,,429.0,buy,NYSE
tx_0006090,2025-06-19 10:30:34,NFLX,522.9,15.0,sell,NASDAQ
tx_0008298,2025-06-19 10:30:41,MA,350.04,747.0,sell,NYSE
tx_0006221,2025-06-19 10:30:44,MCD,254.09,901.0,sell,NYSE
tx_0005516,2025-06-19 10:30:46,AMZN,3527.77,932.0,buy,NASDAQ
tx_0002675,2025-06-19 10:30:47,AMZN,3543.91,,buy,NASDAQ
tx_0003814,2025-06-19 10:30:48,FB,319.87,616.0,buy,NASDAQ
tx_0003433,2025-06-19 10:30:50,JNJ,174.52,34.0,buy,NYSE
tx_0002232,2025-06-19 10:30:52,FB,,514.0,buy,NASDAQ
tx_0007207,2025-06-19 10:30:53,PG,137.89,661.0,buy,NYSE
tx_0005018,2025-06-19 10:30:56,PYPL,244.5,953.0,buy,NASDAQ
tx_0007387,2025-06-19 10:30:57,BRK.B,278.71,347.0,sell,NYSE
tx_0009194,2025-06-19 10:30:59,WMT,146.11,388.0,buy,NYSE
tx_0005893,2025-06-19 10:31:01,MA,355.35,935.0,buy,NYSE
tx_0003947,2025-06-19 10:31:02,NFLX,516.53,168.0,sell,NASDAQ
tx_0009720,2025-06-19 10:31:05,NVDA,200.06,504.0,buy,NASDAQ
tx_0007148,2025-06-19 10:31:11,FB,320.55,157.0,buy,NASDAQ
tx_0000474,2025-06-19 10:31:12,MA,354.53,403.0,sell,NYSE
tx_0007675,2025-06-19 10:31:22,GOOGL,2811.77,55.0,buy,NASDAQ
tx_0009941,2025-06-19 10:31:23,GOOGL,2814.96,194.0,buy,NASDAQ
tx_0007427,2025-06-19 10:31:23,PYPL,243.81,480.0,sell,NASDAQ
tx_0008955,2025-06-19 10:31:31,AMZN,3504.82,203.0,buy,NASDAQ
tx_0009501,2025-06-19 10:31:36,TSLA,707.89,499.0,buy,NASDAQ
tx_0004362,2025-06-19 10:31:37,NFLX,520.88,506.0,sell,NASDAQ
tx_0001054,2025-06-19 10:31:46,FB,316.48,632.0,buy,
tx_0000290,2025-06-19 10:31:49,MSFT,289.61,146.0,buy,NASDAQ
tx_0000746,2025-06-19 10:31:51,GOOGL,2817.38,849.0,sell,NASDAQ
tx_0006273,2025-06-19 10:31:54,V,218.83,120.0,sell,NYSE
tx_0009519,2025-06-19 10:31:55,AAPL,154.27,200.0,sell,NASDAQ
tx_0005550,2025-06-19 10:32:00,PEP,151.83,705.0,sell,NYSE
tx_0002268,2025-06-19 10:32:02,NFLX,518.28,123.0,buy,NASDAQ
tx_0005589,2025-06-19 10:32:03,WMT,143.94,781.0,sell,NYSE
tx_0003099,2025-06-19 10:32:07,V,220.69,270.0,sell,NYSE
tx_0008981,2025-06-19 10:32:08,V,218.77,924.0,sell,NYSE
tx_0008619,2025-06-19 10:32:08,KO,55.68,318.0,buy,NYSE
tx_0006741,2025-06-19 10:32:12,V,218.16,870.0,buy,NYSE
tx_0002359,2025-06-19 10:32:12,FB,319.1,125.0,sell,NASDAQ
tx_0009316,2025-06-19 10:32:14,V,220.56,430.0,buy,NYSE
tx_0002117,2025-06-19 10:32:17,AAPL,154.61,50.0,buy,NASDAQ
tx_0008965,2025-06-19 10:32:24,AAPL,152.82,977.0,buy,NASDAQ
tx_0002349,2025-06-19 10:32:26,KO,55.77,806.0,buy,NYSE
tx_0001648,2025-06-19 10:32:28,ADBE,610.2,818.0,buy,NASDAQ
tx_0000869,2025-06-19 10:32:30,GOOGL,2839.33,992.0,sell,NASDAQ
tx_0004381,2025-06-19 10:32:32,PYPL,242.99,529.0,buy,NASDAQ
tx_0001155,2025-06-19 10:32:33,NFLX,520.56,486.0,buy,NASDAQ
tx_0006938,2025-06-19 10:32:40,V,218.3,821.0,sell,NYSE
tx_0002115,2025-06-19 10:32:41,JNJ,173.55,830.0,buy,NYSE
tx_0005185,2025-06-19 10:32:44,FB,315.2,105.0,sell,NASDAQ
tx_0004726,2025-06-19 10:32:45,PYPL,244.65,440.0,buy,NASDAQ
tx_0003518,2025-06-19 10:32:46,NVDA,199.9,388.0,buy,NASDAQ
tx_0005325,2025-06-19 10:32:46,AMZN,3533.4,780.0,sell,NASDAQ
tx_0005981,2025-06-19 10:32:47,AAPL,154.28,879.0,buy,NASDAQ
tx_0005626,2025-06-19 10:32:47,MCD,254.53,41.0,sell,NYSE
tx_0000834,2025-06-19 10:32:48,MSFT,290.69,184.0,sell,NASDAQ
tx_0006639,2025-06-19 10:32:48,BRK.B,283.29,39.0,buy,NYSE
tx_0001459,2025-06-19 10:32:48,PEP,152.76,231.0,sell,NYSE
tx_0008832,2025-06-19 10:32:52,BRK.B,280.79,708.0,sell,NYSE
tx_0001677,2025-06-19 10:32:52,BRK.B,282.06,957.0,sell,NYSE
tx_0009400,2025-06-19 10:32:52,MSFT,289.93,933.0,sell,NASDAQ
tx_0003971,2025-06-19 10:32:56,DIS,182.26,672.0,buy,NYSE
tx_0003188,2025-06-19 10:33:01,TSLA,706.2,13.0,buy,NASDAQ
tx_0009360,2025-06-19 10:33:03,NFLX,524.61,439.0,buy,NASDAQ
tx_0006634,2025-06-19 10:33:04,TSLA,700.1,5.0,,NASDAQ
tx_0000502,2025-06-19 10:33:04,JNJ,173.94,826.0,buy,NYSE
tx_0005133,2025-06-19 10:33:12,DIS,183.17,530.0,buy,NYSE
tx_0007854,2025-06-19 10:33:12,WMT,145.9,215.0,buy,NYSE
tx_0009910,2025-06-19 10:33:13,NVDA,196.84,220.0,buy,NASDAQ
tx_0006825,2025-06-19 10:33:17,PEP,151.17,154.0,buy,NYSE
tx_0005278,2025-06-19 10:33:22,PG,138.34,284.0,sell,NYSE
tx_0007701,2025-06-19 10:33:26,WMT,145.4,112.0,sell,NYSE
tx_0000401,2025-06-19 10:33:26,NVDA,198.03,63.0,buy,NASDAQ
tx_0004744,2025-06-19 10:33:29,GOOGL,2797.84,365.0,buy,NASDAQ
tx_0007478,2025-06-19 10:33:31,V,220.89,586.0,sell,NYSE
tx_0008087,2025-06-19 10:33:33,BRK.B,277.76,730.0,sell,NYSE
tx_0008519,2025-06-19 10:33:34,TSLA,704.79,682.0,buy,NASDAQ
tx_0008024,2025-06-19 10:33:35,NVDA,198.19,822.0,buy,NASDAQ
tx_0001123,2025-06-19 10:33:39,AAPL,152.87,78.0,sell,NASDAQ
tx_0002147,2025-06-19 10:33:42,WMT,146.5,526.0,buy,NYSE
tx_0005501,2025-06-19 10:33:42,MCD,258.05,665.0,sell,NYSE
tx_0006702,2025-06-19 10:33:43,V,217.68,815.0,buy,NYSE
tx_0002199,2025-06-19 10:33:44,TSLA,697.23,856.0,sell,NASDAQ
tx_0006564,2025-06-19 10:33:48,WMT,145.48,916.0,buy,NYSE
tx_0000085,2025-06-19 10:33:48,PG,139.56,777.0,buy,NYSE
tx_0000200,2025-06-19 10:33:49,MCD,254.62,145.0,buy,NYSE
tx_0008842,2025-06-19 10:33:56,V,217.25,847.0,sell,NYSE
tx_0003776,2025-06-19 10:33:56,WMT,145.93,362.0,buy,NYSE
tx_0007515,2025-06-19 10:34:01,TSLA,693.95,37.0,sell,NASDAQ
tx_0001405,2025-06-19 10:34:01,DIS,182.62,122.0,buy,
tx_0001817,2025-06-19 10:34:11,GOOGL,2799.76,434.0,buy,NASDAQ
tx_0000856,2025-06-19 10:34:14,DIS,180.92,958.0,sell,NYSE
tx_0004406,2025-06-19 10:34:18,TSLA,705.14,501.0,sell,NASDAQ
tx_0005177,2025-06-19 10:34:22,GOOGL,2828.44,434.0,sell,NASDAQ
tx_0007857,2025-06-19 10:34:24,KO,55.37,256.0,buy,NYSE
tx_0006033,2025-06-19 10:34:24,JNJ,174.45,75.0,sell,NYSE
tx_0006636,2025-06-19 10:34:25,V,220.61,364.0,buy,NYSE
tx_0007917,2025-06-19 10:34:26,TSLA,696.73,804.0,buy,NASDAQ
tx_0009474,2025-06-19 10:34:27,JNJ,174.38,220.0,sell,NYSE
tx_0005373,2025-06-19 10:34:29,JNJ,173.64,192.0,sell,NYSE
tx_0000578,2025-06-19 10:34:35,NFLX,515.36,65.0,sell,NASDAQ
tx_0002900,2025-06-19 10:34:37,PG,138.1,663.0,sell,NYSE
tx_0006026,2025-06-19 10:34:37,GOOGL,2807.43,223.0,buy,NASDAQ
tx_0000201,2025-06-19 10:34:41,V,219.26,293.0,sell,NYSE
tx_0004586,2025-06-19 10:34:42,MA,358.07,804.0,sell,NYSE
tx_0000717,2025-06-19 10:34:44,PEP,152.31,769.0,buy,NYSE
tx_0008007,2025-06-19 10:34:49,MCD,257.76,961.0,sell,NYSE
tx_0006153,2025-06-19 10:34:51,V,220.53,56.0,buy,NYSE
tx_0002684,2025-06-19 10:34:53,V,218.24,840.0,buy,NYSE
tx_0009978,2025-06-19 10:34:54,MA,359.61,937.0,sell,NYSE
tx_0009024,2025-06-19 10:34:55,KO,55.05,567.0,sell,
tx_0000949,2025-06-19 10:34:56,MA,354.17,347.0,sell,NYSE
tx_0004068,2025-06-19 10:35:01,BRK.B,283.11,179.0,sell,NYSE
tx_0009244,2025-06-19 10:35:14,GOOGL,2769.52,313.0,sell,NASDAQ
tx_0003372,2025-06-19 10:35:19,DIS,180.3,115.0,sell,NYSE
tx_0001683,2025-06-19 10:35:23,ADBE,616.8,39.0,buy,NASDAQ
tx_0001909,2025-06-19 10:35:24,MCD,254.94,520.0,sell,NYSE
tx_0003075,2025-06-19 10:35:28,FB,319.69,145.0,buy,NASDAQ
tx_0009843,2025-06-19 10:35:29,PYPL,243.28,498.0,sell,NASDAQ
tx_0000508,2025-06-19 10:35:32,NVDA,198.4,325.0,buy,NASDAQ
tx_0004399,2025-06-19 10:35:34,AMZN,3508.52,128.0,sell,NASDAQ
tx_0006694,2025-06-19 10:35:36,MCD,253.56,606.0,sell,NYSE
tx_0000293,2025-06-19 10:35:40,MCD,258.15,275.0,buy,NYSE
tx_0006019,2025-06-19 10:35:40,DIS,180.38,582.0,sell,NYSE
tx_0006977,2025-06-19 10:35:44,MCD,253.89,53.0,buy,NYSE
tx_0003080,2025-06-19 10:35:46,TSLA,700.58,360.0,buy,NASDAQ
tx_0007194,2025-06-19 10:35:48,MA,359.8,281.0,buy,NYSE
tx_0009272,2025-06-19 10:35:49,PYPL,245.7,574.0,sell,NASDAQ
tx_0006399,2025-06-19 10:35:54,ADBE,617.98,557.0,sell,NASDAQ
tx_0009630,2025-06-19 10:36:02,NFLX,517.63,897.0,buy,NASDAQ
tx_0003084,2025-06-19 10:36:05,NVDA,198.41,922.0,buy,NASDAQ
tx_0001718,2025-06-19 10:36:06,PEP,151.67,946.0,sell,NYSE
tx_0000919,2025-06-19 10:36:08,KO,55.62,345.0,buy,NYSE
tx_0008549,2025-06-19 10:36:08,NFLX,518.3,817.0,buy,NASDAQ
tx_0000999,2025-06-19 10:36:09,ADBE,611.03,626.0,sell,NASDAQ
tx_0005716,2025-06-19 10:36:11,PYPL,246.13,851.0,buy,NASDAQ
tx_0004908,2025-06-19 10:36:12,PEP,153.79,791.0,sell,NYSE
tx_0007951,2025-06-19 10:36:18,GOOGL,2800.66,402.0,sell,NASDAQ
tx_0005747,2025-06-19 10:36:22,FB,319.9,819.0,sell,NASDAQ
tx_0007820,2025-06-19 10:36:23,WMT,144.72,495.0,buy,NYSE
tx_0001262,2025-06-19 10:36:24,NFLX,518.83,500.0,sell,NASDAQ
tx_0005959,2025-06-19 10:36:27,AAPL,154.92,603.0,sell,NASDAQ
tx_0001368,2025-06-19 10:36:31,JNJ,174.89,350.0,sell,NYSE
tx_0006162,2025-06-19 10:36:33,DIS,180.98,195.0,buy,NYSE
tx_0001381,2025-06-19 10:36:35,NFLX,521.61,397.0,buy,NASDAQ
tx_0006180,2025-06-19 10:36:35,NFLX,516.99,51.0,sell,NASDAQ
tx_0004146,2025-06-19 10:36:38,BRK.B,276.35,412.0,,NYSE
tx_0006044,2025-06-19 10:36:42,TSLA,693.0,625.0,sell,NASDAQ
tx_0005713,2025-06-19 10:36:43,V,220.03,521.0,buy,NYSE
tx_0009718,2025-06-19 10:36:45,AAPL,153.66,831.0,buy,NASDAQ
tx_0001082,2025-06-19 10:36:45,ADBE,612.26,922.0,sell,NASDAQ
tx_0006165,2025-06-19 10:36:53,V,221.28,154.0,buy,NYSE
tx_0006234,2025-06-19 10:36:54,MCD,256.44,542.0,buy,NYSE
tx_0007298,2025-06-19 10:36:55,PYPL,245.11,555.0,sell,NASDAQ
tx_0004935,2025-06-19 10:36:55,PG,139.77,441.0,buy,NYSE
tx_0001439,2025-06-19 10:36:59,AAPL,154.61,643.0,sell,NASDAQ
tx_0003671,2025-06-19 10:37:00,ADBE,621.67,727.0,buy,NASDAQ
tx_0004326,2025-06-19 10:37:01,ADBE,616.85,618.0,sell,NASDAQ
tx_0004746,2025-06-19 10:37:03,MCD,254.26,738.0,sell,NYSE
tx_0001087,2025-06-19 10:37:05,NVDA,197.63,690.0,buy,NASDAQ
tx_0007447,2025-06-19 10:37:06,MA,354.04,41.0,sell,NYSE
