transaction_id,timestamp,stock_symbol,price,quantity,order_type,exchange
tx_0004453,2025-06-09 09:30:02,JNJ,169.41,601.0,buy,NYSE
tx_0005931,2025-06-09 09:30:11,NFLX,497.13,641.0,buy,NASDAQ
tx_0000954,2025-06-09 09:30:13,PYPL,248.34,519.0,sell,NASDAQ
tx_0004857,2025-06-09 09:30:16,PG,140.8,801.0,buy,NYSE
tx_0005537,2025-06-09 09:30:17,TSLA,701.66,86.0,buy,NASDAQ
tx_0003809,2025-06-09 09:30:19,TSLA,703.78,,sell,NASDAQ
tx_0003557,2025-06-09 09:30:19,AAPL,150.68,131.0,buy,NASDAQ
tx_0001833,2025-06-09 09:30:20,DIS,180.74,131.0,sell,NYSE
tx_0003912,2025-06-09 09:30:26,FB,329.38,170.0,sell,NASDAQ
tx_0008021,2025-06-09 09:30:34,JNJ,169.66,752.0,buy,NYSE
tx_0007033,2025-06-09 09:30:36,JNJ,171.69,297.0,sell,NYSE
tx_0006072,2025-06-09 09:30:38,MA,351.52,883.0,buy,NYSE
tx_0006334,2025-06-09 09:30:42,AAPL,152.1,,buy,NASDAQ
tx_0006671,2025-06-09 09:30:42,NFLX,501.87,869.0,buy,NASDAQ
tx_0003841,2025-06-09 09:30:44,MSFT,302.33,898.0,buy,NASDAQ
tx_0008325,2025-06-09 09:30:46,TSLA,696.5,130.0,buy,NASDAQ
tx_0004912,2025-06-09 09:30:53,DIS,180.24,,sell,NYSE
tx_0002975,2025-06-09 09:30:55,PG,140.56,973.0,buy,NYSE
tx_0000266,2025-06-09 09:30:56,V,220.78,980.0,buy,NYSE
tx_0001887,2025-06-09 09:30:59,MCD,250.25,916.0,buy,NYSE
tx_0007523,2025-06-09 09:31:00,MSFT,300.8,621.0,sell,NASDAQ
tx_0002175,2025-06-09 09:31:01,KO,,920.0,buy,NYSE
tx_0008462,2025-06-09 09:31:02,PEP,150.43,278.0,sell,NYSE
tx_0005399,2025-06-09 09:31:04,JNJ,169.63,731.0,buy,NYSE
tx_0004667,2025-06-09 09:31:06,AMZN,3464.28,120.0,sell,NASDAQ
tx_0000333,2025-06-09 09:31:07,PEP,149.81,447.0,sell,NYSE
tx_0005280,2025-06-09 09:31:07,BRK.B,278.65,971.0,sell,NYSE
tx_0000065,2025-06-09 09:31:10,V,221.93,378.0,buy,NYSE
tx_0000989,2025-06-09 09:31:10,V,222.54,21.0,sell,NYSE
tx_0005961,2025-06-09 09:31:10,AMZN,3464.98,689.0,buy,NASDAQ
tx_0002797,2025-06-09 09:31:11,FB,326.49,242.0,buy,NASDAQ
tx_0002324,2025-06-09 09:31:11,PYPL,248.84,764.0,sell,NASDAQ
tx_0005224,2025-06-09 09:31:13,PG,139.02,,sell,
tx_0008868,2025-06-09 09:31:14,DIS,178.5,61.0,sell,NYSE
tx_0006926,2025-06-09 09:31:17,NFLX,503.78,329.0,buy,NASDAQ
tx_0000241,2025-06-09 09:31:20,MA,350.16,466.0,buy,NYSE
tx_0004631,2025-06-09 09:31:20,GOOGL,2808.91,882.0,sell,NASDAQ
tx_0006866,2025-06-09 09:31:24,V,222.65,938.0,sell,NYSE
tx_0007479,2025-06-09 09:31:24,V,222.9,396.0,sell,NYSE
tx_0008388,2025-06-09 09:31:24,V,221.83,755.0,buy,NYSE
tx_0005506,2025-06-09 09:31:26,DIS,178.52,430.0,buy,NYSE
tx_0009332,2025-06-09 09:31:26,PG,140.65,543.0,buy,NYSE
tx_0003958,2025-06-09 09:31:30,JNJ,170.22,154.0,sell,NYSE
tx_0004558,2025-06-09 09:31:36,DIS,178.6,133.0,sell,NYSE
tx_0004930,2025-06-09 09:31:38,ADBE,599.39,359.0,buy,NASDAQ
tx_0000330,2025-06-09 09:31:46,WMT,140.86,622.0,buy,NYSE
tx_0005552,2025-06-09 09:31:48,MSFT,304.22,584.0,buy,NASDAQ
tx_0006427,2025-06-09 09:31:50,KO,55.5,742.0,buy,NYSE
tx_0006531,2025-06-09 09:31:52,PEP,149.26,689.0,sell,NYSE
tx_0006404,2025-06-09 09:31:53,WMT,139.5,14.0,sell,NYSE
tx_0000340,2025-06-09 09:31:54,PYPL,253.89,175.0,buy,NASDAQ
tx_0008272,2025-06-09 09:31:55,NFLX,495.05,632.0,sell,NASDAQ
tx_0003061,2025-06-09 09:31:57,KO,55.63,776.0,sell,NYSE
tx_0002122,2025-06-09 09:31:58,NVDA,200.11,343.0,sell,NASDAQ
tx_0001438,2025-06-09 09:31:58,DIS,180.24,280.0,buy,NYSE
tx_0001802,2025-06-09 09:32:01,AAPL,151.43,165.0,sell,NASDAQ
tx_0005745,2025-06-09 09:32:05,TSLA,692.01,,buy,NASDAQ
tx_0009933,2025-06-09 09:32:10,V,221.85,308.0,buy,NYSE
tx_0009858,2025-06-09 09:32:11,PG,139.55,323.0,sell,NYSE
tx_0009338,2025-06-09 09:32:13,TSLA,699.35,910.0,buy,NASDAQ
tx_0000976,2025-06-09 09:32:15,PYPL,,869.0,buy,NASDAQ
tx_0000768,2025-06-09 09:32:16,GOOGL,,15.0,buy,NASDAQ
tx_0007228,2025-06-09 09:32:19,GOOGL,2828.47,878.0,sell,NASDAQ
tx_0008165,2025-06-09 09:32:19,GOOGL,2823.45,468.0,sell,NASDAQ
tx_0006689,2025-06-09 09:32:21,BRK.B,,459.0,sell,NYSE
tx_0009055,2025-06-09 09:32:23,ADBE,592.39,524.0,sell,NASDAQ
tx_0008131,2025-06-09 09:32:24,PG,140.6,21.0,buy,NYSE
tx_0000610,2025-06-09 09:32:26,JNJ,169.63,165.0,buy,NYSE
tx_0005238,2025-06-09 09:32:27,MA,,825.0,,NYSE
tx_0000997,2025-06-09 09:32:34,DIS,180.64,38.0,buy,NYSE
tx_0008098,2025-06-09 09:32:34,TSLA,690.01,853.0,buy,NASDAQ
tx_0000706,2025-06-09 09:32:37,KO,,977.0,buy,NYSE
tx_0005397,2025-06-09 09:32:40,NVDA,198.97,169.0,sell,NASDAQ
tx_0003045,2025-06-09 09:32:47,BRK.B,279.44,341.0,buy,NYSE
tx_0003542,2025-06-09 09:32:47,KO,55.0,978.0,buy,NYSE
tx_0005600,2025-06-09 09:32:50,BRK.B,278.25,575.0,sell,NYSE
tx_0002467,2025-06-09 09:32:52,MCD,249.04,586.0,sell,NYSE
tx_0009146,2025-06-09 09:32:53,PG,138.64,649.0,sell,NYSE
tx_0009247,2025-06-09 09:32:54,MCD,246.82,876.0,buy,NYSE
tx_0005315,2025-06-09 09:32:54,PEP,150.95,124.0,buy,NYSE
tx_0006422,2025-06-09 09:32:57,V,222.39,113.0,buy,NYSE
tx_0005243,2025-06-09 09:32:58,KO,54.99,401.0,sell,NYSE
tx_0006843,2025-06-09 09:33:04,KO,55.6,421.0,buy,NYSE
tx_0009783,2025-06-09 09:33:11,V,219.87,488.0,buy,NYSE
tx_0007504,2025-06-09 09:33:13,BRK.B,279.12,817.0,buy,NYSE
tx_0007006,2025-06-09 09:33:18,DIS,178.72,244.0,sell,NYSE
tx_0001249,2025-06-09 09:33:20,PG,138.74,146.0,sell,NYSE
tx_0002572,2025-06-09 09:33:22,FB,332.42,727.0,sell,NASDAQ
tx_0004493,2025-06-09 09:33:25,KO,54.88,116.0,buy,NYSE
tx_0005089,2025-06-09 09:33:26,KO,55.11,,buy,NYSE
tx_0002392,2025-06-09 09:33:27,KO,55.55,451.0,sell,NYSE
tx_0004529,2025-06-09 09:33:28,DIS,178.75,163.0,buy,NYSE
tx_0001218,2025-06-09 09:33:28,NVDA,200.79,519.0,sell,NASDAQ
tx_0000315,2025-06-09 09:33:35,FB,326.73,808.0,sell,NASDAQ
tx_0004135,2025-06-09 09:33:37,NFLX,495.67,371.0,buy,NASDAQ
tx_0004176,2025-06-09 09:33:37,BRK.B,281.95,169.0,buy,NYSE
tx_0007306,2025-06-09 09:33:39,FB,326.73,549.0,sell,NASDAQ
tx_0005029,2025-06-09 09:33:39,KO,55.35,468.0,buy,NYSE
tx_0003414,2025-06-09 09:33:41,BRK.B,279.72,204.0,buy,NYSE
tx_0005402,2025-06-09 09:33:44,TSLA,692.38,782.0,sell,NASDAQ
tx_0003634,2025-06-09 09:33:44,PYPL,253.19,345.0,sell,NASDAQ
tx_0006432,2025-06-09 09:33:44,WMT,138.9,,sell,NYSE
tx_0004314,2025-06-09 09:33:46,MSFT,,446.0,sell,NASDAQ
tx_0000395,2025-06-09 09:33:53,PG,138.65,718.0,sell,NYSE
tx_0006278,2025-06-09 09:33:53,PEP,151.41,183.0,buy,NYSE
tx_0006753,2025-06-09 09:33:57,MSFT,303.31,143.0,sell,NASDAQ
tx_0000521,2025-06-09 09:33:57,MCD,245.96,462.0,sell,NYSE
tx_0009073,2025-06-09 09:34:02,PYPL,255.21,407.0,buy,NASDAQ
tx_0004607,2025-06-09 09:34:09,PEP,151.57,885.0,buy,NYSE
tx_0004927,2025-06-09 09:34:10,DIS,180.15,679.0,sell,NYSE
tx_0004673,2025-06-09 09:34:11,MCD,246.76,640.0,sell,NYSE
tx_0000140,2025-06-09 09:34:11,NVDA,201.01,600.0,sell,NASDAQ
tx_0001870,2025-06-09 09:34:12,MCD,249.51,178.0,sell,NYSE
tx_0001778,2025-06-09 09:34:20,KO,55.25,968.0,buy,NYSE
tx_0000097,2025-06-09 09:34:23,PYPL,254.26,366.0,buy,NASDAQ
tx_0001463,2025-06-09 09:34:25,PEP,152.39,98.0,buy,NYSE
tx_0003879,2025-06-09 09:34:26,PEP,,494.0,sell,NYSE
tx_0004715,2025-06-09 09:34:26,DIS,177.93,745.0,buy,NYSE
tx_0007071,2025-06-09 09:34:27,AMZN,3468.96,485.0,sell,NASDAQ
tx_0005540,2025-06-09 09:34:29,MSFT,300.26,57.0,sell,NASDAQ
tx_0004925,2025-06-09 09:34:31,BRK.B,285.16,376.0,sell,NYSE
tx_0007339,2025-06-09 09:34:47,PEP,152.15,581.0,sell,NYSE
tx_0002224,2025-06-09 09:34:49,WMT,141.14,305.0,buy,NYSE
tx_0000325,2025-06-09 09:34:56,BRK.B,285.14,641.0,sell,NYSE
tx_0008204,2025-06-09 09:34:58,BRK.B,279.88,255.0,buy,NYSE
tx_0002791,2025-06-09 09:35:02,ADBE,592.88,835.0,sell,NASDAQ
tx_0005944,2025-06-09 09:35:03,V,220.73,614.0,buy,NYSE
tx_0001051,2025-06-09 09:35:04,TSLA,700.31,419.0,sell,NASDAQ
tx_0008685,2025-06-09 09:35:07,DIS,180.42,772.0,buy,NYSE
tx_0003430,2025-06-09 09:35:07,MCD,249.68,320.0,sell,NYSE
tx_0005755,2025-06-09 09:35:07,GOOGL,2822.96,473.0,sell,NASDAQ
tx_0006247,2025-06-09 09:35:08,AMZN,3482.04,849.0,buy,NASDAQ
tx_0007793,2025-06-09 09:35:11,TSLA,700.15,139.0,sell,NASDAQ
tx_0000824,2025-06-09 09:35:21,MSFT,299.5,577.0,sell,NASDAQ
tx_0003287,2025-06-09 09:35:23,JNJ,171.05,845.0,sell,NYSE
tx_0008870,2025-06-09 09:35:25,MSFT,300.56,254.0,buy,NASDAQ
tx_0009972,2025-06-09 09:35:27,NFLX,496.98,678.0,sell,NASDAQ
tx_0000348,2025-06-09 09:35:27,MSFT,299.55,880.0,buy,NASDAQ
tx_0009432,2025-06-09 09:35:31,MSFT,300.36,726.0,buy,NASDAQ
tx_0004990,2025-06-09 09:35:34,MA,355.53,968.0,buy,NYSE
tx_0009324,2025-06-09 09:35:40,PEP,149.4,618.0,buy,NYSE
tx_0004228,2025-06-09 09:35:41,V,219.12,41.0,sell,NYSE
tx_0007326,2025-06-09 09:35:42,MSFT,299.71,252.0,sell,NASDAQ
tx_0005767,2025-06-09 09:35:49,PYPL,253.02,815.0,buy,NASDAQ
tx_0002776,2025-06-09 09:35:49,KO,55.6,988.0,sell,NYSE
tx_0000784,2025-06-09 09:35:49,KO,56.14,316.0,buy,NYSE
tx_0008014,2025-06-09 09:35:51,ADBE,588.04,402.0,buy,NASDAQ
tx_0004703,2025-06-09 09:35:58,BRK.B,279.25,,sell,NYSE
tx_0008578,2025-06-09 09:35:59,WMT,141.46,578.0,buy,NYSE
tx_0003657,2025-06-09 09:36:00,KO,55.98,300.0,buy,NYSE
tx_0006676,2025-06-09 09:36:01,V,221.54,513.0,sell,NYSE
tx_0002252,2025-06-09 09:36:12,MSFT,303.65,206.0,sell,NASDAQ
tx_0003626,2025-06-09 09:36:13,NVDA,199.03,277.0,buy,NASDAQ
tx_0006004,2025-06-09 09:36:14,PYPL,254.42,933.0,buy,NASDAQ
tx_0000048,2025-06-09 09:36:14,PEP,150.75,379.0,buy,NYSE
tx_0005535,2025-06-09 09:36:21,KO,55.46,215.0,buy,NYSE
tx_0008182,2025-06-09 09:36:24,WMT,141.55,890.0,sell,NYSE
tx_0004354,2025-06-09 09:36:25,KO,55.91,519.0,buy,NYSE
tx_0008858,2025-06-09 09:36:26,MCD,251.03,822.0,buy,NYSE
tx_0007898,2025-06-09 09:36:30,TSLA,693.45,480.0,sell,NASDAQ
tx_0005627,2025-06-09 09:36:43,BRK.B,277.97,197.0,buy,NYSE
tx_0009358,2025-06-09 09:36:50,PEP,149.68,308.0,sell,NYSE
tx_0003546,2025-06-09 09:36:52,MA,349.58,136.0,sell,NYSE
tx_0000906,2025-06-09 09:36:57,NVDA,201.83,873.0,sell,NASDAQ
tx_0003576,2025-06-09 09:36:57,NVDA,201.38,649.0,buy,NASDAQ
tx_0001706,2025-06-09 09:36:58,DIS,178.67,659.0,buy,NYSE
tx_0000879,2025-06-09 09:37:05,MSFT,304.35,,sell,NASDAQ
tx_0003729,2025-06-09 09:37:05,TSLA,698.3,536.0,sell,NASDAQ
tx_0005113,2025-06-09 09:37:07,ADBE,587.34,313.0,buy,NASDAQ
tx_0001580,2025-06-09 09:37:08,BRK.B,278.08,992.0,sell,NYSE
tx_0009108,2025-06-09 09:37:09,DIS,177.2,134.0,sell,NYSE
tx_0006967,2025-06-09 09:37:11,KO,56.37,888.0,sell,NYSE
tx_0001811,2025-06-09 09:37:12,FB,328.01,631.0,buy,NASDAQ
tx_0006381,2025-06-09 09:37:15,NVDA,199.69,715.0,sell,NASDAQ
tx_0008713,2025-06-09 09:37:16,PEP,149.34,156.0,sell,NYSE
tx_0004414,2025-06-09 09:37:16,KO,56.39,78.0,sell,NYSE
tx_0006521,2025-06-09 09:37:16,PG,140.12,,buy,NYSE
tx_0008297,2025-06-09 09:37:17,PEP,152.2,113.0,sell,NYSE
tx_0009930,2025-06-09 09:37:21,KO,55.66,304.0,buy,NYSE
tx_0001349,2025-06-09 09:37:22,MCD,251.33,91.0,buy,NYSE
tx_0000182,2025-06-09 09:37:24,JNJ,172.25,585.0,sell,NYSE
tx_0001981,2025-06-09 09:37:28,MSFT,303.73,467.0,buy,NASDAQ
tx_0003877,2025-06-09 09:37:29,PG,139.83,188.0,buy,NYSE
tx_0007283,2025-06-09 09:37:31,FB,327.6,187.0,buy,NASDAQ
tx_0003275,2025-06-09 09:37:32,FB,326.71,505.0,sell,NASDAQ
tx_0008115,2025-06-09 09:37:32,MA,348.91,741.0,sell,NYSE
tx_0008653,2025-06-09 09:37:33,JNJ,172.52,758.0,buy,NYSE
tx_0005610,2025-06-09 09:37:41,PEP,152.7,326.0,buy,NYSE
tx_0006789,2025-06-09 09:37:45,GOOGL,2817.83,530.0,buy,NASDAQ
tx_0009589,2025-06-09 09:37:47,AAPL,150.15,225.0,,NASDAQ
tx_0004334,2025-06-09 09:37:49,PG,141.66,859.0,buy,NYSE
tx_0006106,2025-06-09 09:37:51,MSFT,300.81,711.0,sell,NASDAQ
tx_0004117,2025-06-09 09:37:55,FB,328.61,687.0,sell,NASDAQ
tx_0009798,2025-06-09 09:38:01,PG,141.71,201.0,sell,NYSE
tx_0000790,2025-06-09 09:38:13,KO,55.89,970.0,buy,NYSE
tx_0004113,2025-06-09 09:38:13,MA,349.49,552.0,sell,NYSE
tx_0008523,2025-06-09 09:38:16,BRK.B,283.21,10.0,sell,NYSE
tx_0001625,2025-06-09 09:38:17,AMZN,3423.28,678.0,sell,NASDAQ
tx_0005337,2025-06-09 09:38:18,PYPL,250.73,895.0,sell,NASDAQ
tx_0004166,2025-06-09 09:38:19,PEP,151.83,306.0,sell,NYSE
tx_0002139,2025-06-09 09:38:21,ADBE,591.73,176.0,sell,NASDAQ
tx_0004522,2025-06-09 09:38:25,NFLX,496.41,242.0,buy,NASDAQ
tx_0003954,2025-06-09 09:38:25,V,222.76,642.0,sell,NYSE
tx_0002478,2025-06-09 09:38:25,MA,349.71,697.0,sell,NYSE
tx_0001115,2025-06-09 09:38:26,PG,141.21,655.0,buy,NYSE
tx_0009393,2025-06-09 09:38:26,MA,352.04,249.0,buy,NYSE
tx_0008941,2025-06-09 09:38:27,BRK.B,282.77,163.0,buy,NYSE
tx_0008645,2025-06-09 09:38:39,JNJ,170.81,745.0,sell,NYSE
tx_0002903,2025-06-09 09:38:44,V,223.85,762.0,sell,NYSE
tx_0001591,2025-06-09 09:38:47,PG,141.82,734.0,buy,NYSE
tx_0003267,2025-06-09 09:38:49,PYPL,252.94,174.0,buy,NASDAQ
tx_0001228,2025-06-09 09:38:51,WMT,141.04,417.0,sell,NYSE
tx_0008327,2025-06-09 09:38:55,MSFT,300.84,212.0,sell,NASDAQ
tx_0006454,2025-06-09 09:38:56,V,220.02,263.0,buy,NYSE
tx_0008711,2025-06-09 09:38:58,NFLX,499.06,727.0,buy,NASDAQ
tx_0006923,2025-06-09 09:38:59,TSLA,699.26,554.0,buy,NASDAQ
tx_0001190,2025-06-09 09:39:00,ADBE,587.58,970.0,sell,NASDAQ
tx_0008540,2025-06-09 09:39:00,NFLX,499.27,574.0,sell,NASDAQ
tx_0001599,2025-06-09 09:39:01,V,222.07,30.0,sell,NYSE
tx_0007572,2025-06-09 09:39:01,KO,55.6,280.0,buy,NYSE
tx_0003787,2025-06-09 09:39:01,PYPL,250.79,421.0,buy,NASDAQ
tx_0003020,2025-06-09 09:39:08,PEP,151.76,922.0,sell,NYSE
tx_0007373,2025-06-09 09:39:10,JNJ,171.49,906.0,buy,NYSE
tx_0003821,2025-06-09 09:39:10,PEP,,234.0,sell,NYSE
tx_0003988,2025-06-09 09:39:16,DIS,179.62,,sell,NYSE
tx_0001099,2025-06-09 09:39:17,NFLX,500.98,178.0,buy,NASDAQ
tx_0006253,2025-06-09 09:39:19,NFLX,501.15,514.0,buy,NASDAQ
tx_0006203,2025-06-09 09:39:20,MCD,249.73,101.0,sell,NYSE
tx_0008753,2025-06-09 09:39:24,BRK.B,281.62,408.0,sell,NYSE
tx_0001586,2025-06-09 09:39:28,DIS,,587.0,sell,NYSE
tx_0007367,2025-06-09 09:39:30,MSFT,301.71,376.0,buy,NASDAQ
tx_0001298,2025-06-09 09:39:31,NFLX,499.07,992.0,buy,NASDAQ
tx_0004263,2025-06-09 09:39:33,PG,,148.0,buy,NYSE
tx_0000603,2025-06-09 09:39:41,TSLA,693.77,753.0,buy,NASDAQ
tx_0007638,2025-06-09 09:39:44,NVDA,200.6,687.0,sell,NASDAQ
tx_0003388,2025-06-09 09:39:44,TSLA,698.06,978.0,buy,NASDAQ
tx_0000020,2025-06-09 09:39:45,DIS,179.42,486.0,buy,NYSE
tx_0002677,2025-06-09 09:39:48,DIS,178.73,514.0,sell,NYSE
tx_0008775,2025-06-09 09:39:48,V,220.72,,buy,NYSE
tx_0001274,2025-06-09 09:39:48,AMZN,3417.21,366.0,sell,NASDAQ
tx_0007567,2025-06-09 09:39:50,MCD,248.21,911.0,sell,NYSE
tx_0007299,2025-06-09 09:39:52,MA,346.4,946.0,buy,NYSE
tx_0005948,2025-06-09 09:39:53,ADBE,591.35,339.0,buy,NASDAQ
tx_0004042,2025-06-09 09:39:54,MA,350.84,454.0,buy,NYSE
tx_0007297,2025-06-09 09:40:00,FB,325.46,301.0,sell,NASDAQ
tx_0005114,2025-06-09 09:40:00,AAPL,149.09,205.0,sell,NASDAQ
tx_0004687,2025-06-09 09:40:02,FB,330.49,757.0,buy,NASDAQ
tx_0000316,2025-06-09 09:40:02,V,221.22,894.0,buy,NYSE
tx_0009293,2025-06-09 09:40:05,TSLA,695.94,151.0,buy,NASDAQ
tx_0002463,2025-06-09 09:40:07,MCD,252.62,494.0,buy,NYSE
tx_0001619,2025-06-09 09:40:10,GOOGL,2813.56,480.0,buy,NASDAQ
tx_0004230,2025-06-09 09:40:17,PYPL,252.16,682.0,sell,
tx_0008821,2025-06-09 09:40:17,JNJ,171.82,623.0,sell,NYSE
tx_0006809,2025-06-09 09:40:23,AMZN,3462.35,973.0,sell,NASDAQ
tx_0007042,2025-06-09 09:40:25,KO,56.13,367.0,sell,NYSE
tx_0003245,2025-06-09 09:40:25,MSFT,304.32,981.0,sell,NASDAQ
tx_0001211,2025-06-09 09:40:29,MA,351.12,216.0,buy,NYSE
tx_0008311,2025-06-09 09:40:30,AMZN,3447.15,42.0,buy,NASDAQ
tx_0002758,2025-06-09 09:40:34,NFLX,,137.0,buy,NASDAQ
tx_0008761,2025-06-09 09:40:37,V,219.66,138.0,sell,NYSE
tx_0005251,2025-06-09 09:40:39,MA,350.39,461.0,buy,NYSE
tx_0006508,2025-06-09 09:40:42,V,222.35,383.0,buy,NYSE
tx_0009648,2025-06-09 09:40:45,NVDA,201.88,24.0,sell,NASDAQ
tx_0009941,2025-06-09 09:40:45,TSLA,688.52,335.0,buy,NASDAQ
tx_0007740,2025-06-09 09:40:50,KO,55.46,970.0,sell,NYSE
tx_0005985,2025-06-09 09:40:50,AAPL,149.8,199.0,buy,NASDAQ
tx_0008597,2025-06-09 09:40:51,AMZN,3467.03,688.0,buy,NASDAQ
tx_0002784,2025-06-09 09:40:53,TSLA,700.34,19.0,buy,NASDAQ
tx_0004665,2025-06-09 09:40:57,TSLA,694.2,107.0,buy,NASDAQ
tx_0002593,2025-06-09 09:41:01,BRK.B,283.83,862.0,buy,NYSE
tx_0006214,2025-06-09 09:41:01,KO,55.88,229.0,buy,NYSE
tx_0004782,2025-06-09 09:41:06,WMT,,879.0,buy,NYSE
tx_0002340,2025-06-09 09:41:07,AMZN,3434.88,735.0,buy,NASDAQ
tx_0000710,2025-06-09 09:41:08,GOOGL,2852.38,672.0,buy,NASDAQ
tx_0008286,2025-06-09 09:41:11,WMT,140.03,135.0,buy,NYSE
tx_0004916,2025-06-09 09:41:15,AMZN,3483.15,574.0,sell,NASDAQ
tx_0006852,2025-06-09 09:41:16,V,219.41,886.0,sell,NYSE
tx_0000414,2025-06-09 09:41:20,MA,346.06,582.0,sell,NYSE
tx_0001782,2025-06-09 09:41:22,PYPL,253.21,853.0,,NASDAQ
tx_0006503,2025-06-09 09:41:24,ADBE,591.0,22.0,sell,NASDAQ
tx_0004336,2025-06-09 09:41:24,PEP,150.8,325.0,sell,NYSE
tx_0001341,2025-06-09 09:41:25,FB,,477.0,buy,NASDAQ
tx_0005154,2025-06-09 09:41:28,V,223.04,701.0,buy,NYSE
tx_0006720,2025-06-09 09:41:30,PYPL,251.12,445.0,sell,NASDAQ
tx_0003117,2025-06-09 09:41:31,MSFT,302.84,946.0,buy,NASDAQ
tx_0004801,2025-06-09 09:41:34,MSFT,303.46,664.0,buy,NASDAQ
tx_0000657,2025-06-09 09:41:37,KO,56.03,,sell,NYSE
tx_0001564,2025-06-09 09:41:37,DIS,178.15,693.0,buy,NYSE
tx_0004077,2025-06-09 09:41:40,PG,142.54,766.0,sell,NYSE
tx_0000520,2025-06-09 09:41:41,WMT,140.29,334.0,sell,NYSE
tx_0007005,2025-06-09 09:41:41,MSFT,301.09,326.0,buy,NASDAQ
tx_0004403,2025-06-09 09:41:43,ADBE,599.11,258.0,buy,NASDAQ
tx_0003351,2025-06-09 09:41:44,TSLA,,274.0,buy,NASDAQ
tx_0006937,2025-06-09 09:41:46,MSFT,299.64,848.0,sell,NASDAQ
tx_0003350,2025-06-09 09:41:47,JNJ,170.83,212.0,buy,NYSE
tx_0000127,2025-06-09 09:41:51,NFLX,497.98,740.0,sell,NASDAQ
tx_0005734,2025-06-09 09:41:52,PYPL,251.29,616.0,sell,NASDAQ
tx_0006767,2025-06-09 09:41:53,GOOGL,2853.74,37.0,sell,NASDAQ
tx_0003325,2025-06-09 09:41:53,ADBE,594.47,,sell,NASDAQ
tx_0009686,2025-06-09 09:41:57,NFLX,494.87,880.0,sell,NASDAQ
tx_0000671,2025-06-09 09:41:59,AMZN,3469.37,102.0,buy,NASDAQ
tx_0008068,2025-06-09 09:41:59,AAPL,149.45,193.0,sell,NASDAQ
tx_0007973,2025-06-09 09:42:01,TSLA,692.77,926.0,buy,NASDAQ
tx_0009513,2025-06-09 09:42:03,KO,55.01,288.0,sell,NYSE
tx_0005225,2025-06-09 09:42:04,NVDA,202.47,466.0,buy,NASDAQ
tx_0008978,2025-06-09 09:42:08,PG,,157.0,buy,NYSE
tx_0001453,2025-06-09 09:42:08,MSFT,298.97,682.0,sell,NASDAQ
tx_0002862,2025-06-09 09:42:09,AMZN,3438.5,560.0,buy,NASDAQ
tx_0003514,2025-06-09 09:42:10,GOOGL,2841.44,159.0,buy,NASDAQ
tx_0005254,2025-06-09 09:42:13,MSFT,300.07,837.0,sell,NASDAQ
tx_0000800,2025-06-09 09:42:15,V,220.47,311.0,buy,NYSE
tx_0007605,2025-06-09 09:42:16,MA,348.84,,sell,NYSE
tx_0004582,2025-06-09 09:42:19,PYPL,251.29,4.0,sell,NASDAQ
tx_0004967,2025-06-09 09:42:19,NVDA,204.36,784.0,sell,NASDAQ
tx_0004432,2025-06-09 09:42:22,NVDA,202.73,205.0,buy,NASDAQ
tx_0000911,2025-06-09 09:42:27,AMZN,3415.89,999.0,buy,NASDAQ
tx_0001920,2025-06-09 09:42:27,GOOGL,2845.41,639.0,buy,NASDAQ
tx_0003635,2025-06-09 09:42:30,NFLX,498.45,514.0,sell,NASDAQ
tx_0003488,2025-06-09 09:42:31,KO,55.58,15.0,buy,NYSE
tx_0009397,2025-06-09 09:42:35,MA,350.07,324.0,buy,NYSE
tx_0003234,2025-06-09 09:42:37,AAPL,150.69,819.0,buy,NASDAQ
tx_0006815,2025-06-09 09:42:37,WMT,138.08,541.0,buy,NYSE
tx_0003433,2025-06-09 09:42:38,AAPL,150.53,,sell,NASDAQ
tx_0006328,2025-06-09 09:42:39,TSLA,701.47,43.0,sell,NASDAQ
tx_0006660,2025-06-09 09:42:41,NVDA,200.41,122.0,buy,NASDAQ
tx_0007837,2025-06-09 09:42:41,TSLA,696.25,404.0,buy,NASDAQ
tx_0002780,2025-06-09 09:42:42,DIS,177.37,73.0,sell,NYSE
tx_0009622,2025-06-09 09:42:49,MA,352.91,680.0,sell,NYSE
tx_0009448,2025-06-09 09:42:50,MSFT,,701.0,sell,NASDAQ
tx_0001078,2025-06-09 09:42:50,PYPL,252.4,918.0,buy,NASDAQ
tx_0000341,2025-06-09 09:42:51,TSLA,694.15,416.0,buy,NASDAQ
tx_0003970,2025-06-09 09:42:51,FB,329.79,838.0,sell,NASDAQ
tx_0002204,2025-06-09 09:42:54,KO,56.0,310.0,buy,NYSE
tx_0005234,2025-06-09 09:42:55,PG,142.68,871.0,buy,NYSE
tx_0004112,2025-06-09 09:42:56,TSLA,703.66,88.0,buy,NASDAQ
tx_0002106,2025-06-09 09:43:00,DIS,,242.0,buy,NYSE
tx_0009579,2025-06-09 09:43:00,PG,143.21,641.0,sell,NYSE
tx_0000012,2025-06-09 09:43:01,GOOGL,2796.87,971.0,sell,NASDAQ
tx_0005910,2025-06-09 09:43:02,BRK.B,282.63,52.0,buy,NYSE
tx_0009876,2025-06-09 09:43:05,WMT,139.49,551.0,sell,NYSE
tx_0000641,2025-06-09 09:43:09,V,,449.0,buy,NYSE
tx_0000719,2025-06-09 09:43:19,KO,55.45,599.0,sell,NYSE
tx_0004503,2025-06-09 09:43:19,WMT,138.16,237.0,,NYSE
tx_0009011,2025-06-09 09:43:21,FB,325.39,824.0,sell,NASDAQ
tx_0007198,2025-06-09 09:43:24,GOOGL,2839.81,905.0,buy,NASDAQ
tx_0003280,2025-06-09 09:43:26,TSLA,700.17,945.0,buy,NASDAQ
tx_0005093,2025-06-09 09:43:27,BRK.B,284.51,173.0,sell,NYSE
tx_0000846,2025-06-09 09:43:30,JNJ,173.0,424.0,sell,NYSE
tx_0001138,2025-06-09 09:43:30,ADBE,599.73,544.0,sell,NASDAQ
tx_0002437,2025-06-09 09:43:31,MA,349.11,312.0,sell,NYSE
tx_0000111,2025-06-09 09:43:33,AMZN,3477.21,262.0,buy,NASDAQ
tx_0000917,2025-06-09 09:43:36,TSLA,701.03,1000.0,buy,NASDAQ
tx_0008417,2025-06-09 09:43:37,V,219.74,643.0,buy,NYSE
tx_0005932,2025-06-09 09:43:46,BRK.B,281.91,352.0,buy,NYSE
tx_0004909,2025-06-09 09:43:47,TSLA,690.42,701.0,buy,
tx_0003609,2025-06-09 09:43:48,MSFT,297.6,,buy,NASDAQ
tx_0006517,2025-06-09 09:43:52,WMT,138.63,172.0,sell,NYSE
tx_0008686,2025-06-09 09:43:52,MCD,247.6,853.0,buy,NYSE
tx_0003322,2025-06-09 09:43:55,MSFT,301.72,417.0,sell,NASDAQ
tx_0008331,2025-06-09 09:43:57,FB,326.13,941.0,sell,NASDAQ
tx_0009219,2025-06-09 09:43:59,PEP,153.1,712.0,sell,NYSE
tx_0000301,2025-06-09 09:44:00,TSLA,690.45,572.0,sell,NASDAQ
tx_0004186,2025-06-09 09:44:05,WMT,138.68,790.0,sell,NYSE
tx_0006362,2025-06-09 09:44:07,TSLA,690.02,446.0,sell,NASDAQ
tx_0002916,2025-06-09 09:44:08,MCD,251.84,692.0,sell,NYSE
tx_0000978,2025-06-09 09:44:09,PG,140.6,497.0,buy,NYSE
tx_0000343,2025-06-09 09:44:10,MCD,249.54,485.0,buy,NYSE
tx_0004218,2025-06-09 09:44:14,V,218.68,57.0,buy,NYSE
tx_0009256,2025-06-09 09:44:16,BRK.B,282.4,40.0,buy,NYSE
tx_0001848,2025-06-09 09:44:17,AAPL,151.22,21.0,buy,NASDAQ
tx_0003898,2025-06-09 09:44:20,MSFT,300.73,418.0,sell,NASDAQ
tx_0008952,2025-06-09 09:44:22,MCD,251.69,288.0,sell,NYSE
tx_0006808,2025-06-09 09:44:22,FB,324.57,359.0,buy,NASDAQ
tx_0009007,2025-06-09 09:44:27,PYPL,249.11,661.0,sell,NASDAQ
tx_0002379,2025-06-09 09:44:27,NVDA,201.92,184.0,sell,NASDAQ
tx_0009630,2025-06-09 09:44:28,DIS,178.86,411.0,sell,NYSE
tx_0005969,2025-06-09 09:44:28,AAPL,151.98,324.0,buy,NASDAQ
tx_0001301,2025-06-09 09:44:28,BRK.B,283.55,852.0,buy,NYSE
tx_0004657,2025-06-09 09:44:32,PG,140.46,223.0,sell,NYSE
tx_0007737,2025-06-09 09:44:33,PG,140.28,839.0,buy,NYSE
tx_0007307,2025-06-09 09:44:34,V,,41.0,sell,NYSE
tx_0009241,2025-06-09 09:44:34,BRK.B,281.09,307.0,sell,NYSE
tx_0003019,2025-06-09 09:44:36,KO,55.81,669.0,sell,NYSE
tx_0002212,2025-06-09 09:44:36,ADBE,590.13,477.0,sell,NASDAQ
tx_0008056,2025-06-09 09:44:46,WMT,137.75,18.0,sell,NYSE
tx_0002217,2025-06-09 09:44:46,V,,,buy,NYSE
tx_0008063,2025-06-09 09:44:47,WMT,138.04,707.0,sell,NYSE
tx_0002532,2025-06-09 09:44:48,TSLA,700.37,638.0,sell,NASDAQ
tx_0005752,2025-06-09 09:44:50,JNJ,170.74,393.0,sell,NYSE
tx_0007678,2025-06-09 09:44:52,MSFT,296.25,651.0,buy,NASDAQ
tx_0005361,2025-06-09 09:44:56,AAPL,149.25,823.0,buy,NASDAQ
tx_0004375,2025-06-09 09:44:56,NFLX,504.62,209.0,sell,NASDAQ
tx_0007785,2025-06-09 09:44:56,V,219.51,596.0,sell,NYSE
tx_0000575,2025-06-09 09:45:05,JNJ,173.13,249.0,sell,NYSE
tx_0001948,2025-06-09 09:45:05,MCD,249.63,687.0,sell,NYSE
tx_0000646,2025-06-09 09:45:07,NVDA,197.83,124.0,buy,NASDAQ
tx_0008683,2025-06-09 09:45:07,BRK.B,281.43,631.0,buy,NYSE
tx_0007716,2025-06-09 09:45:10,PG,140.8,84.0,sell,NYSE
tx_0001197,2025-06-09 09:45:11,PYPL,246.71,309.0,buy,NASDAQ
tx_0006265,2025-06-09 09:45:13,FB,332.1,483.0,buy,NASDAQ
tx_0006185,2025-06-09 09:45:14,PG,140.56,267.0,sell,NYSE
tx_0004798,2025-06-09 09:45:19,PYPL,,669.0,buy,NASDAQ
tx_0002679,2025-06-09 09:45:19,MCD,250.13,495.0,buy,NYSE
tx_0002213,2025-06-09 09:45:20,GOOGL,2828.45,585.0,sell,NASDAQ
tx_0005285,2025-06-09 09:45:23,KO,55.31,373.0,sell,NYSE
tx_0007244,2025-06-09 09:45:25,ADBE,590.0,833.0,sell,NASDAQ
tx_0003759,2025-06-09 09:45:29,DIS,177.61,450.0,buy,NYSE
tx_0004897,2025-06-09 09:45:31,GOOGL,2803.56,453.0,buy,NASDAQ
tx_0001090,2025-06-09 09:45:32,ADBE,588.93,109.0,buy,NASDAQ
tx_0007473,2025-06-09 09:45:36,AMZN,3408.27,841.0,sell,NASDAQ
tx_0000146,2025-06-09 09:45:37,AMZN,3410.48,682.0,sell,NASDAQ
tx_0003818,2025-06-09 09:45:39,PG,141.49,644.0,sell,NYSE
tx_0009402,2025-06-09 09:45:40,TSLA,697.46,736.0,sell,NASDAQ
tx_0002396,2025-06-09 09:45:40,FB,327.63,654.0,sell,NASDAQ
tx_0001075,2025-06-09 09:45:41,NVDA,198.71,863.0,sell,NASDAQ
tx_0006921,2025-06-09 09:45:41,JNJ,170.79,197.0,sell,NYSE
tx_0003940,2025-06-09 09:45:43,KO,55.94,870.0,buy,NYSE
tx_0007871,2025-06-09 09:45:43,MSFT,301.33,858.0,sell,NASDAQ
tx_0000806,2025-06-09 09:45:45,FB,333.09,557.0,sell,NASDAQ
tx_0008961,2025-06-09 09:45:50,KO,55.95,739.0,buy,NYSE
tx_0008263,2025-06-09 09:45:54,NVDA,199.98,908.0,buy,NASDAQ
tx_0009583,2025-06-09 09:45:59,PEP,154.57,679.0,buy,
tx_0001485,2025-06-09 09:46:06,MA,346.28,451.0,sell,NYSE
tx_0007096,2025-06-09 09:46:06,DIS,178.45,16.0,sell,NYSE
tx_0001404,2025-06-09 09:46:08,AAPL,149.95,804.0,buy,NASDAQ
tx_0002927,2025-06-09 09:46:08,MA,348.74,748.0,sell,NYSE
tx_0002773,2025-06-09 09:46:12,ADBE,587.79,180.0,buy,NASDAQ
tx_0003028,2025-06-09 09:46:17,MSFT,302.38,540.0,sell,NASDAQ
tx_0003478,2025-06-09 09:46:20,ADBE,586.63,540.0,sell,NASDAQ
tx_0001612,2025-06-09 09:46:21,PG,140.43,21.0,buy,NYSE
tx_0007403,2025-06-09 09:46:21,KO,55.84,999.0,sell,NYSE
tx_0002614,2025-06-09 09:46:22,KO,55.65,548.0,sell,NYSE
tx_0003516,2025-06-09 09:46:24,BRK.B,284.82,809.0,buy,NYSE
tx_0000866,2025-06-09 09:46:30,ADBE,588.29,859.0,buy,NASDAQ
tx_0008365,2025-06-09 09:46:30,PEP,154.18,565.0,sell,NYSE
tx_0009056,2025-06-09 09:46:36,FB,,114.0,sell,NASDAQ
tx_0000504,2025-06-09 09:46:38,GOOGL,2822.63,496.0,buy,NASDAQ
tx_0000664,2025-06-09 09:46:38,NFLX,502.11,543.0,buy,NASDAQ
tx_0001433,2025-06-09 09:46:39,KO,55.35,969.0,buy,NYSE
tx_0000413,2025-06-09 09:46:39,PEP,,677.0,buy,NYSE
tx_0002955,2025-06-09 09:46:47,PYPL,247.97,88.0,buy,NASDAQ
tx_0002479,2025-06-09 09:46:47,FB,332.97,685.0,buy,NASDAQ
tx_0003335,2025-06-09 09:46:48,KO,55.05,10.0,buy,NYSE
tx_0002925,2025-06-09 09:46:51,JNJ,170.53,443.0,buy,NYSE
tx_0006819,2025-06-09 09:46:52,JNJ,169.74,729.0,buy,NYSE
tx_0009754,2025-06-09 09:46:59,AMZN,3427.55,141.0,sell,NASDAQ
tx_0001880,2025-06-09 09:47:00,WMT,138.63,554.0,buy,NYSE
tx_0008102,2025-06-09 09:47:03,TSLA,702.05,754.0,sell,NASDAQ
tx_0008919,2025-06-09 09:47:08,PEP,153.62,597.0,buy,NYSE
tx_0001365,2025-06-09 09:47:08,PYPL,248.81,990.0,buy,NASDAQ
tx_0005533,2025-06-09 09:47:09,MSFT,301.71,685.0,,NASDAQ
tx_0008966,2025-06-09 09:47:11,AMZN,3465.21,831.0,buy,NASDAQ
tx_0006997,2025-06-09 09:47:12,V,220.61,948.0,buy,NYSE
tx_0003136,2025-06-09 09:47:13,WMT,139.64,,sell,NYSE
tx_0000489,2025-06-09 09:47:14,V,221.43,630.0,buy,NYSE
tx_0008013,2025-06-09 09:47:15,BRK.B,280.33,371.0,sell,NYSE
tx_0003756,2025-06-09 09:47:16,FB,332.91,551.0,sell,NASDAQ
tx_0001370,2025-06-09 09:47:19,WMT,139.41,465.0,buy,NYSE
tx_0009313,2025-06-09 09:47:22,MSFT,298.46,,buy,NASDAQ
tx_0003428,2025-06-09 09:47:23,DIS,177.51,666.0,buy,NYSE
tx_0001764,2025-06-09 09:47:25,DIS,175.91,274.0,buy,NYSE
tx_0000966,2025-06-09 09:47:29,MA,346.24,708.0,buy,NYSE
tx_0008914,2025-06-09 09:47:32,MA,351.97,404.0,sell,NYSE
tx_0003381,2025-06-09 09:47:32,TSLA,699.11,766.0,sell,NASDAQ
tx_0008973,2025-06-09 09:47:37,FB,,340.0,sell,NASDAQ
tx_0005173,2025-06-09 09:47:38,PYPL,250.2,880.0,sell,NASDAQ
tx_0008882,2025-06-09 09:47:41,BRK.B,282.93,534.0,sell,NYSE
tx_0005558,2025-06-09 09:47:42,WMT,138.07,146.0,sell,NYSE
tx_0009956,2025-06-09 09:47:43,WMT,138.56,297.0,sell,NYSE
tx_0003301,2025-06-09 09:47:44,JNJ,171.93,998.0,,NYSE
tx_0000816,2025-06-09 09:47:47,KO,55.13,369.0,sell,NYSE
tx_0003745,2025-06-09 09:47:53,KO,55.47,351.0,sell,NYSE
tx_0002208,2025-06-09 09:47:54,DIS,178.64,198.0,buy,NYSE
tx_0006609,2025-06-09 09:47:57,PG,142.46,,buy,NYSE
tx_0000722,2025-06-09 09:48:00,MCD,249.2,328.0,buy,NYSE
tx_0007131,2025-06-09 09:48:03,AMZN,3441.56,187.0,buy,NASDAQ
tx_0000372,2025-06-09 09:48:09,KO,55.95,799.0,sell,NYSE
tx_0009602,2025-06-09 09:48:09,WMT,139.8,964.0,buy,NYSE
tx_0004620,2025-06-09 09:48:10,PG,142.03,633.0,sell,NYSE
tx_0006342,2025-06-09 09:48:16,BRK.B,286.23,367.0,buy,NYSE
tx_0009388,2025-06-09 09:48:19,PEP,151.51,933.0,sell,NYSE
tx_0007545,2025-06-09 09:48:24,TSLA,691.96,487.0,buy,NASDAQ
tx_0008800,2025-06-09 09:48:32,NVDA,195.42,997.0,sell,NASDAQ
tx_0007308,2025-06-09 09:48:35,AAPL,151.34,668.0,buy,NASDAQ
tx_0003805,2025-06-09 09:48:35,AAPL,150.17,790.0,sell,NASDAQ
tx_0000518,2025-06-09 09:48:37,TSLA,692.7,364.0,buy,NASDAQ
tx_0001980,2025-06-09 09:48:41,AMZN,,561.0,sell,NASDAQ
tx_0008096,2025-06-09 09:48:42,V,219.4,255.0,sell,NYSE
tx_0001634,2025-06-09 09:48:47,PG,142.43,637.0,buy,NYSE
tx_0006794,2025-06-09 09:48:47,AAPL,,305.0,sell,NASDAQ
tx_0008742,2025-06-09 09:48:49,MA,351.18,300.0,sell,NYSE
tx_0003170,2025-06-09 09:48:52,PEP,154.46,778.0,buy,NYSE
tx_0006295,2025-06-09 09:49:00,NFLX,503.21,325.0,sell,NASDAQ
tx_0000046,2025-06-09 09:49:01,GOOGL,2847.49,816.0,sell,NASDAQ
tx_0000782,2025-06-09 09:49:02,ADBE,589.56,545.0,sell,NASDAQ
tx_0003766,2025-06-09 09:49:04,MCD,252.33,477.0,sell,NYSE
tx_0004225,2025-06-09 09:49:10,FB,,926.0,sell,NASDAQ
tx_0000927,2025-06-09 09:49:15,AAPL,148.75,547.0,buy,NASDAQ
tx_0001804,2025-06-09 09:49:15,PG,141.24,992.0,sell,NYSE
tx_0000700,2025-06-09 09:49:16,AMZN,3486.63,554.0,buy,NASDAQ
tx_0000925,2025-06-09 09:49:16,NVDA,196.92,861.0,buy,NASDAQ
tx_0000042,2025-06-09 09:49:18,PEP,,93.0,sell,NYSE
tx_0004132,2025-06-09 09:49:19,V,220.76,827.0,buy,NYSE
tx_0001203,2025-06-09 09:49:22,PG,142.68,252.0,sell,NYSE
tx_0004650,2025-06-09 09:49:23,NFLX,500.51,905.0,buy,NASDAQ
tx_0008370,2025-06-09 09:49:24,AAPL,148.77,653.0,sell,NASDAQ
tx_0005844,2025-06-09 09:49:24,JNJ,168.26,413.0,sell,NYSE
tx_0006414,2025-06-09 09:49:29,MCD,249.72,573.0,,NYSE
tx_0001153,2025-06-09 09:49:31,MSFT,,814.0,buy,NASDAQ
tx_0001748,2025-06-09 09:49:34,V,219.41,906.0,sell,
tx_0007460,2025-06-09 09:49:37,KO,55.05,586.0,sell,NYSE
tx_0004790,2025-06-09 09:49:37,TSLA,692.5,250.0,sell,NASDAQ
tx_0000327,2025-06-09 09:49:43,V,220.73,425.0,sell,NYSE
tx_0005155,2025-06-09 09:49:46,MSFT,301.16,826.0,sell,NASDAQ
tx_0003525,2025-06-09 09:49:51,WMT,136.35,605.0,,NYSE
tx_0005879,2025-06-09 09:49:52,V,220.45,267.0,buy,NYSE
tx_0009116,2025-06-09 09:50:00,FB,328.95,850.0,sell,NASDAQ
tx_0005614,2025-06-09 09:50:04,PYPL,246.18,254.0,buy,NASDAQ
tx_0008983,2025-06-09 09:50:06,NVDA,195.49,894.0,sell,NASDAQ
tx_0001610,2025-06-09 09:50:12,AAPL,149.24,548.0,buy,NASDAQ
tx_0001422,2025-06-09 09:50:17,TSLA,694.78,979.0,sell,NASDAQ
tx_0003030,2025-06-09 09:50:18,FB,334.7,375.0,sell,NASDAQ
tx_0007279,2025-06-09 09:50:23,NVDA,,896.0,buy,NASDAQ
tx_0009712,2025-06-09 09:50:26,DIS,178.31,115.0,buy,NYSE
tx_0008699,2025-06-09 09:50:28,TSLA,699.48,866.0,buy,NASDAQ
tx_0001020,2025-06-09 09:50:39,KO,55.09,393.0,buy,NYSE
tx_0009784,2025-06-09 09:50:42,PG,141.43,486.0,buy,NYSE
tx_0004276,2025-06-09 09:50:44,BRK.B,283.69,503.0,buy,NYSE
tx_0005947,2025-06-09 09:50:45,KO,55.32,803.0,sell,NYSE
tx_0008705,2025-06-09 09:50:46,AAPL,150.09,308.0,sell,NASDAQ
tx_0008493,2025-06-09 09:50:47,MSFT,302.52,704.0,sell,NASDAQ
tx_0000607,2025-06-09 09:50:47,MCD,251.62,968.0,sell,NYSE
tx_0006716,2025-06-09 09:50:48,NFLX,503.89,232.0,sell,NASDAQ
tx_0005912,2025-06-09 09:50:56,PYPL,246.65,218.0,sell,NASDAQ
tx_0007975,2025-06-09 09:50:56,DIS,,285.0,buy,NYSE
tx_0006166,2025-06-09 09:51:02,BRK.B,281.58,315.0,buy,NYSE
tx_0001678,2025-06-09 09:51:05,NFLX,506.36,762.0,buy,NASDAQ
tx_0008762,2025-06-09 09:51:06,PYPL,246.81,592.0,buy,NASDAQ
tx_0002123,2025-06-09 09:51:10,NVDA,,967.0,,NASDAQ
tx_0007720,2025-06-09 09:51:13,V,219.33,60.0,sell,NYSE
tx_0008722,2025-06-09 09:51:15,BRK.B,281.79,208.0,sell,NYSE
tx_0007606,2025-06-09 09:51:23,WMT,138.18,378.0,sell,NYSE
tx_0000244,2025-06-09 09:51:24,ADBE,591.27,245.0,sell,NASDAQ
tx_0002169,2025-06-09 09:51:32,ADBE,592.39,662.0,buy,NASDAQ
tx_0006899,2025-06-09 09:51:38,GOOGL,2796.38,494.0,buy,NASDAQ
tx_0007549,2025-06-09 09:51:40,AAPL,148.71,550.0,buy,NASDAQ
tx_0000674,2025-06-09 09:51:43,FB,334.87,186.0,buy,NASDAQ
tx_0004977,2025-06-09 09:51:47,ADBE,590.17,665.0,sell,NASDAQ
tx_0006656,2025-06-09 09:51:47,MCD,251.22,822.0,sell,NYSE
tx_0000049,2025-06-09 09:51:49,TSLA,697.31,365.0,buy,NASDAQ
tx_0002632,2025-06-09 09:51:51,AMZN,3405.24,209.0,buy,NASDAQ
tx_0003527,2025-06-09 09:51:51,DIS,,,sell,NYSE
tx_0007448,2025-06-09 09:51:55,KO,54.87,280.0,sell,NYSE
tx_0008244,2025-06-09 09:52:00,PG,141.56,325.0,buy,NYSE
tx_0004349,2025-06-09 09:52:01,AAPL,151.11,,sell,NASDAQ
tx_0007842,2025-06-09 09:52:04,PG,140.6,457.0,sell,NYSE
tx_0002037,2025-06-09 09:52:09,GOOGL,2835.57,79.0,sell,NASDAQ
tx_0007156,2025-06-09 09:52:11,V,221.46,948.0,buy,NYSE
tx_0006564,2025-06-09 09:52:16,AAPL,151.18,946.0,sell,NASDAQ
tx_0005438,2025-06-09 09:52:25,WMT,138.31,71.0,buy,NYSE
tx_0005470,2025-06-09 09:52:28,KO,55.69,564.0,sell,NYSE
tx_0002195,2025-06-09 09:52:30,MSFT,,663.0,buy,NASDAQ
tx_0000212,2025-06-09 09:52:35,BRK.B,282.49,429.0,,NYSE
tx_0007921,2025-06-09 09:52:42,FB,336.11,389.0,sell,NASDAQ
tx_0001278,2025-06-09 09:52:42,TSLA,699.04,583.0,sell,NASDAQ
tx_0008716,2025-06-09 09:52:42,V,,93.0,sell,NYSE
tx_0007800,2025-06-09 09:52:46,DIS,175.84,704.0,buy,NYSE
tx_0004259,2025-06-09 09:52:58,DIS,175.23,248.0,sell,NYSE
tx_0000736,2025-06-09 09:53:00,ADBE,587.09,452.0,buy,NASDAQ
tx_0008783,2025-06-09 09:53:03,V,221.58,139.0,sell,NYSE
tx_0006089,2025-06-09 09:53:03,MCD,248.51,238.0,sell,NYSE
tx_0000774,2025-06-09 09:53:06,JNJ,168.32,958.0,sell,NYSE
tx_0004608,2025-06-09 09:53:06,TSLA,690.35,709.0,buy,NASDAQ
tx_0003281,2025-06-09 09:53:06,GOOGL,2794.31,883.0,buy,NASDAQ
tx_0004697,2025-06-09 09:53:06,ADBE,593.43,621.0,sell,NASDAQ
tx_0009172,2025-06-09 09:53:07,ADBE,588.72,,buy,NASDAQ
tx_0006699,2025-06-09 09:53:08,GOOGL,2783.75,600.0,,NASDAQ
tx_0002274,2025-06-09 09:53:09,PYPL,248.99,272.0,sell,NASDAQ
tx_0004752,2025-06-09 09:53:09,TSLA,696.15,288.0,buy,NASDAQ
tx_0004131,2025-06-09 09:53:09,GOOGL,,809.0,sell,NASDAQ
tx_0004881,2025-06-09 09:53:20,NVDA,196.96,134.0,sell,NASDAQ
tx_0007083,2025-06-09 09:53:22,GOOGL,2793.07,102.0,buy,NASDAQ
tx_0002360,2025-06-09 09:53:23,AAPL,151.61,943.0,sell,NASDAQ
tx_0003772,2025-06-09 09:53:28,KO,,266.0,sell,NYSE
tx_0005374,2025-06-09 09:53:31,MSFT,297.08,691.0,sell,NASDAQ
tx_0009640,2025-06-09 09:53:37,GOOGL,2833.99,31.0,buy,NASDAQ
tx_0007561,2025-06-09 09:53:39,FB,333.31,920.0,buy,NASDAQ
tx_0003802,2025-06-09 09:53:42,WMT,136.66,504.0,buy,NYSE
tx_0000570,2025-06-09 09:53:52,NFLX,497.8,906.0,sell,NASDAQ
tx_0006740,2025-06-09 09:53:53,PEP,153.53,297.0,buy,NYSE
tx_0005885,2025-06-09 09:53:54,BRK.B,287.86,737.0,buy,NYSE
tx_0008782,2025-06-09 09:53:55,MCD,246.48,16.0,buy,NYSE
tx_0004346,2025-06-09 09:53:57,KO,54.99,590.0,sell,NYSE
tx_0006541,2025-06-09 09:53:57,MCD,247.97,977.0,buy,NYSE
tx_0007311,2025-06-09 09:53:59,WMT,137.57,695.0,buy,NYSE
tx_0005900,2025-06-09 09:54:00,V,217.71,948.0,sell,NYSE
tx_0000963,2025-06-09 09:54:03,MA,346.71,804.0,sell,NYSE
tx_0003493,2025-06-09 09:54:10,NVDA,196.57,940.0,sell,NASDAQ
tx_0004789,2025-06-09 09:54:12,PYPL,248.43,592.0,buy,NASDAQ
tx_0005228,2025-06-09 09:54:12,FB,335.64,53.0,buy,NASDAQ
tx_0002746,2025-06-09 09:54:17,WMT,137.02,421.0,sell,NYSE
tx_0009404,2025-06-09 09:54:17,MA,346.68,269.0,sell,NYSE
tx_0004905,2025-06-09 09:54:19,FB,333.12,631.0,sell,NASDAQ
tx_0008018,2025-06-09 09:54:21,TSLA,697.12,732.0,buy,NASDAQ
tx_0007256,2025-06-09 09:54:27,NFLX,496.17,66.0,buy,NASDAQ
tx_0004875,2025-06-09 09:54:29,AAPL,152.59,392.0,buy,NASDAQ
tx_0006887,2025-06-09 09:54:32,MA,350.21,233.0,sell,NYSE
tx_0003244,2025-06-09 09:54:35,NFLX,500.06,567.0,sell,NASDAQ
tx_0004818,2025-06-09 09:54:38,NVDA,193.06,338.0,sell,NASDAQ
tx_0005994,2025-06-09 09:54:39,AAPL,150.09,181.0,sell,NASDAQ
tx_0000135,2025-06-09 09:54:46,PG,140.44,825.0,sell,NYSE
tx_0006929,2025-06-09 09:54:46,AAPL,151.13,90.0,sell,
tx_0005098,2025-06-09 09:54:50,JNJ,,278.0,sell,NYSE
tx_0006438,2025-06-09 09:54:51,PEP,152.68,42.0,sell,NYSE
tx_0006636,2025-06-09 09:54:52,ADBE,588.37,624.0,,NASDAQ
tx_0007330,2025-06-09 09:54:53,V,221.43,101.0,buy,NYSE
tx_0009419,2025-06-09 09:54:53,PYPL,249.37,118.0,sell,NASDAQ
tx_0006570,2025-06-09 09:55:00,AAPL,151.47,730.0,sell,NASDAQ
tx_0008657,2025-06-09 09:55:01,MCD,248.17,932.0,sell,NYSE
tx_0003580,2025-06-09 09:55:01,GOOGL,2794.86,158.0,buy,NASDAQ
tx_0000475,2025-06-09 09:55:02,KO,54.47,861.0,buy,NYSE
tx_0005650,2025-06-09 09:55:05,PEP,152.13,235.0,sell,NYSE
tx_0009875,2025-06-09 09:55:13,GOOGL,2841.63,405.0,buy,NASDAQ
tx_0003149,2025-06-09 09:55:14,KO,54.65,30.0,buy,NYSE
tx_0003243,2025-06-09 09:55:14,ADBE,587.27,676.0,sell,NASDAQ
tx_0005759,2025-06-09 09:55:16,V,222.29,197.0,buy,NYSE
tx_0002744,2025-06-09 09:55:17,MSFT,296.31,581.0,buy,NASDAQ
tx_0008055,2025-06-09 09:55:20,WMT,135.69,674.0,buy,NYSE
tx_0002107,2025-06-09 09:55:24,GOOGL,2806.4,5.0,buy,NASDAQ
tx_0005026,2025-06-09 09:55:26,DIS,176.79,945.0,buy,NYSE
tx_0001380,2025-06-09 09:55:32,ADBE,587.13,840.0,buy,NASDAQ
tx_0007470,2025-06-09 09:55:33,MCD,251.35,252.0,sell,NYSE
tx_0008724,2025-06-09 09:55:33,PG,140.45,94.0,buy,NYSE
tx_0005478,2025-06-09 09:55:37,KO,54.78,174.0,buy,NYSE
tx_0003534,2025-06-09 09:55:39,FB,332.56,60.0,buy,NASDAQ
tx_0009331,2025-06-09 09:55:40,KO,54.89,802.0,sell,NYSE
tx_0001555,2025-06-09 09:55:41,PEP,151.86,825.0,buy,NYSE
tx_0004918,2025-06-09 09:55:47,WMT,137.09,825.0,buy,NYSE
tx_0006401,2025-06-09 09:55:49,MA,349.1,813.0,sell,NYSE
tx_0009846,2025-06-09 09:55:52,AMZN,3439.64,969.0,buy,NASDAQ
tx_0007597,2025-06-09 09:55:55,AMZN,3485.35,200.0,buy,NASDAQ
tx_0005360,2025-06-09 09:55:56,V,,778.0,buy,NYSE
tx_0005760,2025-06-09 09:55:58,WMT,135.51,590.0,sell,NYSE
tx_0002260,2025-06-09 09:55:58,AMZN,3454.24,473.0,sell,NASDAQ
tx_0009121,2025-06-09 09:56:00,BRK.B,288.16,913.0,buy,NYSE
tx_0009655,2025-06-09 09:56:01,KO,54.51,269.0,sell,NYSE
tx_0007115,2025-06-09 09:56:01,JNJ,169.98,555.0,sell,NYSE
tx_0000662,2025-06-09 09:56:03,PEP,152.12,759.0,buy,NYSE
tx_0008635,2025-06-09 09:56:04,PG,140.6,630.0,,NYSE
tx_0005419,2025-06-09 09:56:04,MA,352.76,394.0,sell,NYSE
tx_0007351,2025-06-09 09:56:05,MA,349.71,826.0,sell,NYSE
tx_0005486,2025-06-09 09:56:06,JNJ,170.27,501.0,sell,NYSE
tx_0008109,2025-06-09 09:56:10,AAPL,150.28,512.0,sell,NASDAQ
tx_0007312,2025-06-09 09:56:12,PYPL,249.0,542.0,buy,NASDAQ
tx_0008465,2025-06-09 09:56:13,NFLX,493.14,839.0,buy,NASDAQ
tx_0004962,2025-06-09 09:56:14,NVDA,194.37,811.0,sell,NASDAQ
tx_0002223,2025-06-09 09:56:16,PG,141.01,937.0,buy,NYSE
tx_0007910,2025-06-09 09:56:17,TSLA,684.18,862.0,sell,NASDAQ
tx_0008185,2025-06-09 09:56:19,ADBE,,635.0,buy,NASDAQ
tx_0000474,2025-06-09 09:56:20,GOOGL,2810.98,967.0,buy,NASDAQ
tx_0000556,2025-06-09 09:56:21,JNJ,171.05,499.0,sell,NYSE
tx_0001912,2025-06-09 09:56:22,DIS,175.69,863.0,sell,NYSE
tx_0004700,2025-06-09 09:56:22,JNJ,170.89,714.0,buy,NYSE
tx_0008642,2025-06-09 09:56:23,ADBE,585.72,142.0,sell,NASDAQ
tx_0000170,2025-06-09 09:56:23,MSFT,299.67,333.0,sell,NASDAQ
tx_0000647,2025-06-09 09:56:24,JNJ,168.2,176.0,sell,NYSE
tx_0004040,2025-06-09 09:56:25,AAPL,149.0,522.0,buy,NASDAQ
tx_0003347,2025-06-09 09:56:32,MSFT,297.92,751.0,buy,NASDAQ
tx_0009665,2025-06-09 09:56:32,V,221.89,536.0,buy,NYSE
tx_0005055,2025-06-09 09:56:33,MCD,249.62,467.0,buy,NYSE
tx_0005744,2025-06-09 09:56:36,MCD,249.05,271.0,sell,NYSE
tx_0005457,2025-06-09 09:56:36,AMZN,3456.8,593.0,buy,NASDAQ
tx_0003791,2025-06-09 09:56:36,NVDA,195.46,644.0,buy,NASDAQ
tx_0007763,2025-06-09 09:56:42,JNJ,171.49,185.0,sell,NYSE
tx_0005925,2025-06-09 09:56:44,JNJ,171.22,110.0,buy,NYSE
tx_0007726,2025-06-09 09:56:46,AAPL,151.19,393.0,buy,NASDAQ
tx_0003638,2025-06-09 09:56:53,DIS,178.39,981.0,sell,NYSE
tx_0003616,2025-06-09 09:56:55,PEP,153.03,466.0,buy,NYSE
tx_0007682,2025-06-09 09:56:56,BRK.B,290.24,815.0,sell,NYSE
tx_0009668,2025-06-09 09:56:57,KO,54.62,802.0,buy,NYSE
tx_0008474,2025-06-09 09:57:00,TSLA,695.25,694.0,sell,NASDAQ
tx_0009341,2025-06-09 09:57:01,NVDA,193.06,409.0,buy,NASDAQ
tx_0007624,2025-06-09 09:57:02,PG,141.18,617.0,sell,NYSE
tx_0004594,2025-06-09 09:57:03,MA,348.32,121.0,sell,NYSE
tx_0001305,2025-06-09 09:57:06,PYPL,251.07,300.0,buy,NASDAQ
tx_0006924,2025-06-09 09:57:07,PYPL,251.32,476.0,sell,NASDAQ
tx_0002701,2025-06-09 09:57:09,KO,55.19,671.0,sell,NYSE
tx_0009412,2025-06-09 09:57:12,AAPL,151.25,985.0,sell,NASDAQ
tx_0005168,2025-06-09 09:57:12,AMZN,3475.24,849.0,buy,NASDAQ
tx_0003698,2025-06-09 09:57:16,TSLA,692.81,310.0,sell,NASDAQ
tx_0000073,2025-06-09 09:57:16,PYPL,250.61,682.0,buy,NASDAQ
tx_0002980,2025-06-09 09:57:23,WMT,136.5,518.0,buy,NYSE
tx_0008040,2025-06-09 09:57:31,MA,350.79,726.0,sell,NYSE
tx_0003613,2025-06-09 09:57:35,NVDA,192.98,266.0,buy,NASDAQ
tx_0003886,2025-06-09 09:57:35,GOOGL,,834.0,buy,NASDAQ
tx_0008544,2025-06-09 09:57:35,MCD,249.0,923.0,buy,NYSE
tx_0005770,2025-06-09 09:57:40,V,,751.0,sell,NYSE
tx_0006765,2025-06-09 09:57:43,TSLA,691.81,302.0,sell,NASDAQ
tx_0008692,2025-06-09 09:57:47,V,219.24,829.0,buy,NYSE
tx_0008748,2025-06-09 09:57:47,AMZN,3473.11,65.0,,NASDAQ
tx_0005355,2025-06-09 09:57:54,AAPL,151.39,367.0,buy,NASDAQ
tx_0001254,2025-06-09 09:57:54,PG,140.73,727.0,buy,NYSE
tx_0000240,2025-06-09 09:57:57,GOOGL,2837.92,248.0,sell,NASDAQ
tx_0006398,2025-06-09 09:58:05,BRK.B,287.94,409.0,sell,NYSE
tx_0006122,2025-06-09 09:58:11,ADBE,582.14,4.0,sell,NASDAQ
tx_0007333,2025-06-09 09:58:11,AAPL,152.58,436.0,buy,NASDAQ
tx_0004676,2025-06-09 09:58:13,MCD,249.47,,buy,NYSE
tx_0003507,2025-06-09 09:58:14,BRK.B,288.22,,sell,NYSE
tx_0002897,2025-06-09 09:58:14,NFLX,493.31,902.0,sell,NASDAQ
tx_0008005,2025-06-09 09:58:15,PYPL,247.72,232.0,buy,NASDAQ
tx_0000313,2025-06-09 09:58:16,NVDA,195.34,14.0,buy,NASDAQ
tx_0006834,2025-06-09 09:58:17,V,220.53,251.0,buy,NYSE
tx_0009162,2025-06-09 09:58:17,KO,54.79,566.0,buy,NYSE
tx_0001794,2025-06-09 09:58:18,BRK.B,286.98,416.0,sell,NYSE
tx_0002626,2025-06-09 09:58:18,MCD,248.96,777.0,sell,NYSE
tx_0004470,2025-06-09 09:58:19,PYPL,248.58,903.0,sell,NASDAQ
tx_0000142,2025-06-09 09:58:19,TSLA,686.59,176.0,sell,NASDAQ
tx_0005189,2025-06-09 09:58:24,AAPL,152.64,433.0,sell,NASDAQ
tx_0002781,2025-06-09 09:58:25,GOOGL,2843.56,581.0,sell,NASDAQ
tx_0002319,2025-06-09 09:58:26,NFLX,492.35,31.0,sell,NASDAQ
tx_0001932,2025-06-09 09:58:27,V,220.33,293.0,sell,NYSE
tx_0004876,2025-06-09 09:58:27,PYPL,249.91,276.0,buy,NASDAQ
tx_0007490,2025-06-09 09:58:30,ADBE,587.32,37.0,buy,NASDAQ
tx_0005323,2025-06-09 09:58:32,FB,334.84,900.0,sell,NASDAQ
tx_0008247,2025-06-09 09:58:32,ADBE,590.62,470.0,buy,NASDAQ
tx_0002824,2025-06-09 09:58:35,JNJ,171.67,782.0,buy,NYSE
tx_0004338,2025-06-09 09:58:35,PG,140.05,109.0,buy,NYSE
tx_0009122,2025-06-09 09:58:36,JNJ,171.05,881.0,buy,NYSE
tx_0003666,2025-06-09 09:58:37,AAPL,151.14,729.0,sell,NASDAQ
tx_0006818,2025-06-09 09:58:39,PYPL,247.62,195.0,sell,NASDAQ
tx_0002530,2025-06-09 09:58:40,MCD,251.48,304.0,buy,NYSE
tx_0003278,2025-06-09 09:58:41,KO,54.32,477.0,buy,NYSE
tx_0002076,2025-06-09 09:58:41,AMZN,3472.78,275.0,buy,NASDAQ
tx_0006523,2025-06-09 09:58:42,KO,54.53,861.0,sell,NYSE
tx_0008258,2025-06-09 09:58:43,AMZN,3466.19,726.0,sell,NASDAQ
tx_0009437,2025-06-09 09:58:44,PEP,153.39,789.0,buy,NYSE
tx_0002566,2025-06-09 09:58:45,KO,54.73,310.0,sell,NYSE
tx_0004015,2025-06-09 09:58:46,MSFT,,767.0,buy,NASDAQ
tx_0004311,2025-06-09 09:58:47,MA,348.93,721.0,sell,NYSE
tx_0005127,2025-06-09 09:58:47,PG,140.64,776.0,buy,NYSE
tx_0006936,2025-06-09 09:58:51,MA,354.11,11.0,sell,NYSE
tx_0002483,2025-06-09 09:58:52,MSFT,,58.0,sell,NASDAQ
tx_0005281,2025-06-09 09:58:52,DIS,175.27,127.0,buy,NYSE
tx_0000024,2025-06-09 09:58:52,ADBE,595.47,161.0,buy,NASDAQ
tx_0006884,2025-06-09 09:58:55,TSLA,698.97,982.0,buy,NASDAQ
tx_0001445,2025-06-09 09:58:57,KO,55.01,630.0,sell,NYSE
tx_0006143,2025-06-09 09:58:59,DIS,176.19,903.0,sell,
tx_0009099,2025-06-09 09:59:02,PYPL,247.76,295.0,sell,NASDAQ
tx_0006757,2025-06-09 09:59:03,V,220.29,605.0,sell,NYSE
tx_0004613,2025-06-09 09:59:05,MA,348.66,,buy,NYSE
tx_0003884,2025-06-09 09:59:08,PG,139.62,815.0,buy,NYSE
tx_0001459,2025-06-09 09:59:11,NFLX,497.58,417.0,sell,NASDAQ
tx_0007147,2025-06-09 09:59:12,DIS,177.9,261.0,buy,NYSE
tx_0002620,2025-06-09 09:59:13,AMZN,3453.79,54.0,buy,NASDAQ
tx_0004209,2025-06-09 09:59:15,PEP,154.48,491.0,buy,NYSE
tx_0006946,2025-06-09 09:59:16,PEP,153.01,201.0,sell,NYSE
tx_0009896,2025-06-09 09:59:18,GOOGL,2814.78,493.0,buy,NASDAQ
tx_0001705,2025-06-09 09:59:19,MSFT,,5.0,buy,NASDAQ
tx_0001449,2025-06-09 09:59:23,MSFT,293.85,889.0,buy,NASDAQ
tx_0002192,2025-06-09 09:59:23,NFLX,497.36,99.0,buy,NASDAQ
tx_0006003,2025-06-09 09:59:23,MA,353.84,429.0,sell,NYSE
tx_0002882,2025-06-09 09:59:25,MCD,251.71,302.0,buy,NYSE
tx_0000770,2025-06-09 09:59:29,AMZN,3488.03,332.0,buy,NASDAQ
tx_0007004,2025-06-09 09:59:30,V,220.0,331.0,buy,NYSE
tx_0008291,2025-06-09 09:59:32,KO,54.31,76.0,sell,NYSE
tx_0000466,2025-06-09 09:59:37,NVDA,194.7,991.0,buy,NASDAQ
tx_0009790,2025-06-09 09:59:38,WMT,136.77,354.0,sell,NYSE
tx_0003292,2025-06-09 09:59:40,JNJ,172.2,510.0,buy,NYSE
tx_0004980,2025-06-09 09:59:41,MSFT,294.41,229.0,buy,NASDAQ
tx_0000282,2025-06-09 09:59:43,PYPL,249.92,889.0,buy,NASDAQ
tx_0001161,2025-06-09 09:59:44,PG,139.44,998.0,buy,NYSE
tx_0009516,2025-06-09 09:59:55,PEP,153.15,878.0,buy,NYSE
tx_0004973,2025-06-09 09:59:55,AAPL,151.09,31.0,buy,NASDAQ
tx_0009112,2025-06-09 10:00:10,MA,348.14,537.0,buy,NYSE
tx_0003483,2025-06-09 10:00:12,GOOGL,2797.11,823.0,buy,NASDAQ
tx_0009413,2025-06-09 10:00:14,PG,139.34,239.0,sell,NYSE
tx_0000319,2025-06-09 10:00:15,AAPL,152.12,410.0,sell,NASDAQ
tx_0005282,2025-06-09 10:00:17,ADBE,594.88,471.0,sell,NASDAQ
tx_0007772,2025-06-09 10:00:20,KO,54.66,580.0,buy,NYSE
tx_0001836,2025-06-09 10:00:22,AMZN,3446.7,972.0,sell,NASDAQ
tx_0005346,2025-06-09 10:00:22,KO,54.44,93.0,sell,NYSE
tx_0001315,2025-06-09 10:00:23,TSLA,688.69,785.0,sell,NASDAQ
tx_0004988,2025-06-09 10:00:24,MSFT,295.77,599.0,sell,NASDAQ
tx_0003981,2025-06-09 10:00:29,KO,54.18,753.0,buy,NYSE
tx_0006814,2025-06-09 10:00:33,JNJ,170.96,364.0,,NYSE
tx_0004163,2025-06-09 10:00:34,JNJ,170.68,624.0,sell,NYSE
tx_0001398,2025-06-09 10:00:36,MA,352.94,90.0,buy,NYSE
tx_0008770,2025-06-09 10:00:36,KO,54.24,484.0,sell,NYSE
tx_0002865,2025-06-09 10:00:36,BRK.B,285.91,911.0,buy,NYSE
tx_0007918,2025-06-09 10:00:38,MCD,250.92,730.0,,NYSE
tx_0009696,2025-06-09 10:00:42,DIS,177.12,249.0,buy,NYSE
tx_0002764,2025-06-09 10:00:42,DIS,177.64,358.0,sell,NYSE
tx_0007960,2025-06-09 10:00:43,MSFT,298.17,752.0,buy,NASDAQ
tx_0002891,2025-06-09 10:00:45,TSLA,695.29,341.0,sell,NASDAQ
tx_0007546,2025-06-09 10:00:46,KO,53.93,239.0,buy,NYSE
tx_0006021,2025-06-09 10:00:52,BRK.B,283.33,609.0,buy,NYSE
tx_0005939,2025-06-09 10:00:53,FB,334.29,690.0,buy,NASDAQ
tx_0004622,2025-06-09 10:00:53,AAPL,151.66,395.0,buy,NASDAQ
tx_0001636,2025-06-09 10:00:59,MSFT,296.11,474.0,buy,NASDAQ
tx_0001080,2025-06-09 10:01:01,AAPL,151.97,134.0,sell,NASDAQ
tx_0007712,2025-06-09 10:01:02,MA,353.89,487.0,buy,NYSE
tx_0007322,2025-06-09 10:01:03,PEP,154.02,320.0,sell,NYSE
tx_0006879,2025-06-09 10:01:06,AAPL,151.48,384.0,buy,NASDAQ
tx_0006910,2025-06-09 10:01:11,NVDA,196.89,322.0,buy,NASDAQ
tx_0001271,2025-06-09 10:01:33,AMZN,3465.99,139.0,sell,NASDAQ
tx_0001091,2025-06-09 10:01:34,ADBE,,212.0,sell,NASDAQ
tx_0003587,2025-06-09 10:01:36,NFLX,497.14,430.0,sell,NASDAQ
tx_0001368,2025-06-09 10:01:37,MSFT,296.03,954.0,sell,NASDAQ
tx_0005060,2025-06-09 10:01:43,NFLX,491.93,543.0,sell,NASDAQ
tx_0007757,2025-06-09 10:01:44,AMZN,3471.04,821.0,buy,NASDAQ
tx_0004238,2025-06-09 10:01:44,MCD,248.52,765.0,buy,NYSE
tx_0002328,2025-06-09 10:01:45,PG,140.9,109.0,sell,NYSE
tx_0004467,2025-06-09 10:01:47,JNJ,170.47,880.0,buy,NYSE
tx_0004618,2025-06-09 10:01:48,AMZN,3443.03,303.0,buy,NASDAQ
tx_0005690,2025-06-09 10:01:48,AAPL,152.83,569.0,buy,NASDAQ
tx_0000485,2025-06-09 10:01:50,MSFT,295.65,,sell,NASDAQ
tx_0000409,2025-06-09 10:01:55,V,221.33,383.0,buy,NYSE
tx_0002258,2025-06-09 10:01:56,JNJ,168.89,646.0,buy,NYSE
tx_0005743,2025-06-09 10:01:59,NVDA,195.03,917.0,sell,NASDAQ
tx_0009198,2025-06-09 10:02:00,FB,337.14,939.0,buy,NASDAQ
tx_0005838,2025-06-09 10:02:00,NVDA,196.14,395.0,sell,NASDAQ
tx_0008411,2025-06-09 10:02:01,GOOGL,2856.1,430.0,buy,NASDAQ
tx_0002712,2025-06-09 10:02:07,TSLA,693.61,863.0,buy,NASDAQ
tx_0007286,2025-06-09 10:02:10,DIS,,26.0,buy,NYSE
tx_0009295,2025-06-09 10:02:12,JNJ,170.2,741.0,buy,NYSE
tx_0003004,2025-06-09 10:02:14,KO,54.12,627.0,sell,NYSE
tx_0007908,2025-06-09 10:02:15,FB,332.4,99.0,buy,NASDAQ
tx_0002472,2025-06-09 10:02:16,MCD,250.28,618.0,buy,NYSE
tx_0000535,2025-06-09 10:02:19,KO,53.79,159.0,buy,NYSE
tx_0006828,2025-06-09 10:02:20,PG,140.36,820.0,sell,NYSE
tx_0002339,2025-06-09 10:02:21,WMT,,284.0,buy,NYSE
tx_0000226,2025-06-09 10:02:23,PG,140.8,880.0,sell,
tx_0005380,2025-06-09 10:02:26,FB,336.35,974.0,buy,NASDAQ
tx_0008322,2025-06-09 10:02:31,TSLA,688.9,541.0,sell,NASDAQ
tx_0005698,2025-06-09 10:02:33,WMT,,604.0,buy,NYSE
tx_0009780,2025-06-09 10:02:34,AAPL,150.87,,sell,NASDAQ
tx_0004068,2025-06-09 10:02:34,PEP,154.4,175.0,sell,NYSE
tx_0002290,2025-06-09 10:02:35,MSFT,,454.0,sell,NASDAQ
tx_0001509,2025-06-09 10:02:37,TSLA,689.93,927.0,sell,NASDAQ
tx_0003972,2025-06-09 10:02:37,FB,331.6,979.0,sell,NASDAQ
tx_0006288,2025-06-09 10:02:40,DIS,175.4,195.0,buy,NYSE
tx_0003974,2025-06-09 10:02:41,AAPL,150.98,302.0,sell,NASDAQ
tx_0008357,2025-06-09 10:02:42,ADBE,592.98,337.0,buy,NASDAQ
tx_0006947,2025-06-09 10:02:42,PG,140.55,186.0,sell,NYSE
tx_0001392,2025-06-09 10:02:42,AAPL,152.1,987.0,buy,NASDAQ
tx_0005735,2025-06-09 10:02:43,FB,333.54,,buy,NASDAQ
tx_0003952,2025-06-09 10:02:44,DIS,176.21,419.0,sell,NYSE
tx_0001481,2025-06-09 10:02:44,ADBE,592.98,827.0,sell,NASDAQ
tx_0005553,2025-06-09 10:02:50,AAPL,151.59,159.0,buy,NASDAQ
tx_0001280,2025-06-09 10:02:51,TSLA,685.06,191.0,sell,NASDAQ
tx_0003476,2025-06-09 10:02:54,NFLX,491.89,212.0,sell,NASDAQ
tx_0001195,2025-06-09 10:03:03,MCD,247.9,967.0,sell,NYSE
tx_0006397,2025-06-09 10:03:04,AAPL,152.6,505.0,sell,NASDAQ
tx_0008433,2025-06-09 10:03:05,PYPL,248.84,665.0,buy,NASDAQ
tx_0002086,2025-06-09 10:03:09,ADBE,585.39,116.0,sell,NASDAQ
tx_0000560,2025-06-09 10:03:11,MCD,250.74,738.0,buy,NYSE
tx_0003693,2025-06-09 10:03:12,V,,149.0,sell,NYSE
tx_0005890,2025-06-09 10:03:17,TSLA,690.69,381.0,buy,NASDAQ
tx_0001434,2025-06-09 10:03:19,MSFT,298.46,700.0,,NASDAQ
tx_0001386,2025-06-09 10:03:20,NVDA,193.99,854.0,sell,NASDAQ
tx_0007796,2025-06-09 10:03:21,TSLA,687.1,914.0,buy,NASDAQ
tx_0007935,2025-06-09 10:03:22,TSLA,695.3,917.0,sell,NASDAQ
tx_0006113,2025-06-09 10:03:28,DIS,176.72,538.0,buy,NYSE
tx_0006402,2025-06-09 10:03:30,BRK.B,282.49,,buy,NYSE
tx_0009117,2025-06-09 10:03:31,JNJ,170.07,916.0,sell,NYSE
tx_0007085,2025-06-09 10:03:31,MSFT,299.13,522.0,sell,NASDAQ
tx_0006959,2025-06-09 10:03:33,DIS,175.5,671.0,sell,NYSE
tx_0003798,2025-06-09 10:03:34,TSLA,688.88,18.0,buy,NASDAQ
tx_0003552,2025-06-09 10:03:34,JNJ,168.63,238.0,sell,NYSE
tx_0006001,2025-06-09 10:03:35,DIS,174.37,26.0,buy,NYSE
tx_0001448,2025-06-09 10:03:35,MA,348.03,640.0,sell,NYSE
tx_0000689,2025-06-09 10:03:37,MA,351.22,403.0,sell,NYSE
tx_0001742,2025-06-09 10:03:38,FB,334.74,22.0,sell,NASDAQ
tx_0005874,2025-06-09 10:03:41,PYPL,250.16,985.0,sell,NASDAQ
tx_0003678,2025-06-09 10:03:43,MCD,251.99,286.0,buy,NYSE
tx_0001913,2025-06-09 10:03:45,NFLX,493.42,808.0,buy,NASDAQ
tx_0007291,2025-06-09 10:03:45,PYPL,246.69,934.0,sell,NASDAQ
tx_0000613,2025-06-09 10:03:49,PYPL,247.41,,sell,NASDAQ
tx_0005488,2025-06-09 10:03:50,PG,140.23,596.0,buy,NYSE
tx_0001428,2025-06-09 10:03:50,NFLX,496.36,24.0,sell,NASDAQ
tx_0002932,2025-06-09 10:03:54,PG,139.74,668.0,sell,NYSE
tx_0003304,2025-06-09 10:03:56,PYPL,250.96,636.0,buy,NASDAQ
tx_0000628,2025-06-09 10:03:59,FB,336.13,505.0,buy,NASDAQ
tx_0006450,2025-06-09 10:04:03,AAPL,150.44,57.0,sell,NASDAQ
tx_0002299,2025-06-09 10:04:08,AMZN,3432.29,990.0,buy,NASDAQ
tx_0008579,2025-06-09 10:04:10,GOOGL,2834.05,472.0,sell,NASDAQ
tx_0005806,2025-06-09 10:04:14,AMZN,3445.72,578.0,buy,
tx_0000398,2025-06-09 10:04:15,GOOGL,2801.86,631.0,sell,NASDAQ
tx_0003059,2025-06-09 10:04:17,FB,,90.0,sell,NASDAQ
tx_0004799,2025-06-09 10:04:18,PYPL,247.34,743.0,sell,NASDAQ
tx_0003396,2025-06-09 10:04:19,NVDA,197.72,158.0,sell,NASDAQ
tx_0009463,2025-06-09 10:04:19,FB,332.7,153.0,buy,NASDAQ
tx_0006280,2025-06-09 10:04:20,BRK.B,284.82,548.0,buy,NYSE
tx_0009025,2025-06-09 10:04:22,WMT,134.69,143.0,buy,NYSE
tx_0006216,2025-06-09 10:04:26,NVDA,194.95,787.0,sell,NASDAQ
tx_0006705,2025-06-09 10:04:28,PG,140.41,318.0,sell,NYSE
tx_0009890,2025-06-09 10:04:30,ADBE,582.73,434.0,sell,NASDAQ
tx_0007184,2025-06-09 10:04:33,AMZN,3401.97,974.0,buy,NASDAQ
tx_0004450,2025-06-09 10:04:34,PYPL,249.42,21.0,sell,NASDAQ
tx_0007668,2025-06-09 10:04:45,KO,53.94,702.0,buy,NYSE
tx_0008504,2025-06-09 10:04:48,PEP,154.13,582.0,sell,NYSE
tx_0009178,2025-06-09 10:04:51,JNJ,166.86,547.0,buy,NYSE
tx_0005297,2025-06-09 10:04:54,KO,54.74,534.0,buy,NYSE
tx_0009841,2025-06-09 10:04:54,AMZN,,918.0,buy,NASDAQ
tx_0006859,2025-06-09 10:04:55,MSFT,299.4,235.0,sell,NASDAQ
tx_0001213,2025-06-09 10:04:58,PYPL,250.62,490.0,,NASDAQ
tx_0004156,2025-06-09 10:05:04,MA,352.98,449.0,,NYSE
tx_0008209,2025-06-09 10:05:06,V,221.36,621.0,buy,NYSE
tx_0001333,2025-06-09 10:05:13,WMT,,663.0,buy,NYSE
tx_0005195,2025-06-09 10:05:17,MCD,249.3,46.0,sell,NYSE
tx_0004447,2025-06-09 10:05:17,NVDA,197.65,415.0,buy,NASDAQ
tx_0006777,2025-06-09 10:05:20,PEP,153.81,568.0,buy,NYSE
tx_0003963,2025-06-09 10:05:23,WMT,136.02,207.0,sell,NYSE
tx_0000385,2025-06-09 10:05:27,FB,333.08,18.0,buy,NASDAQ
tx_0000276,2025-06-09 10:05:29,DIS,175.42,27.0,buy,NYSE
tx_0007139,2025-06-09 10:05:32,V,220.01,748.0,sell,NYSE
tx_0002327,2025-06-09 10:05:36,MCD,248.75,69.0,sell,NYSE
tx_0006981,2025-06-09 10:05:37,KO,,398.0,buy,NYSE
tx_0008015,2025-06-09 10:05:37,MA,353.65,655.0,buy,NYSE
tx_0001132,2025-06-09 10:05:38,FB,331.62,592.0,buy,NASDAQ
tx_0000692,2025-06-09 10:05:41,AMZN,3432.71,545.0,sell,NASDAQ
tx_0007375,2025-06-09 10:05:41,PYPL,250.45,460.0,sell,NASDAQ
tx_0003394,2025-06-09 10:05:42,GOOGL,2812.17,74.0,buy,NASDAQ
tx_0007491,2025-06-09 10:05:44,DIS,175.79,746.0,buy,NYSE
tx_0006255,2025-06-09 10:05:49,DIS,174.66,148.0,sell,NYSE
tx_0004749,2025-06-09 10:05:51,TSLA,697.47,931.0,sell,NASDAQ
tx_0007539,2025-06-09 10:05:55,MSFT,301.74,631.0,sell,NASDAQ
tx_0005169,2025-06-09 10:05:55,JNJ,168.22,755.0,sell,NYSE
tx_0001542,2025-06-09 10:06:03,PEP,155.3,,sell,NYSE
tx_0003956,2025-06-09 10:06:13,JNJ,167.09,906.0,sell,NYSE
tx_0000498,2025-06-09 10:06:13,JNJ,165.57,37.0,buy,NYSE
tx_0000271,2025-06-09 10:06:16,TSLA,696.99,499.0,buy,NASDAQ
tx_0003306,2025-06-09 10:06:20,NVDA,196.52,180.0,buy,NASDAQ
tx_0002577,2025-06-09 10:06:24,WMT,135.81,895.0,buy,NYSE
tx_0009054,2025-06-09 10:06:27,FB,,997.0,sell,NASDAQ
tx_0001283,2025-06-09 10:06:30,KO,54.2,160.0,buy,NYSE
tx_0006193,2025-06-09 10:06:32,V,220.38,926.0,buy,NYSE
tx_0006919,2025-06-09 10:06:33,PYPL,249.43,,sell,NASDAQ
tx_0009740,2025-06-09 10:06:37,PEP,153.59,638.0,sell,NYSE
tx_0004127,2025-06-09 10:06:38,PEP,153.28,113.0,sell,NYSE
tx_0003979,2025-06-09 10:06:41,AAPL,149.62,762.0,sell,NASDAQ
tx_0003135,2025-06-09 10:06:44,PYPL,251.38,117.0,sell,NASDAQ
tx_0002448,2025-06-09 10:06:49,PEP,154.26,95.0,buy,NYSE
tx_0004217,2025-06-09 10:06:51,PYPL,249.73,215.0,sell,NASDAQ
tx_0000848,2025-06-09 10:06:52,FB,334.07,101.0,sell,
tx_0002765,2025-06-09 10:06:54,WMT,135.77,301.0,buy,NYSE
tx_0009726,2025-06-09 10:06:57,WMT,136.01,697.0,,NYSE
tx_0009838,2025-06-09 10:06:59,KO,54.65,589.0,buy,NYSE
tx_0003517,2025-06-09 10:07:07,MCD,251.2,765.0,buy,NYSE
tx_0000149,2025-06-09 10:07:11,MA,353.9,605.0,buy,NYSE
tx_0004623,2025-06-09 10:07:16,MA,352.48,169.0,buy,NYSE
tx_0007210,2025-06-09 10:07:21,NVDA,196.26,618.0,buy,NASDAQ
tx_0004506,2025-06-09 10:07:22,AAPL,151.78,130.0,buy,NASDAQ
tx_0003207,2025-06-09 10:07:28,NVDA,194.96,605.0,sell,NASDAQ
tx_0008097,2025-06-09 10:07:29,DIS,174.88,882.0,buy,NYSE
tx_0001181,2025-06-09 10:07:31,PG,139.58,917.0,buy,NYSE
tx_0005123,2025-06-09 10:07:31,AAPL,151.99,727.0,sell,NASDAQ
tx_0004864,2025-06-09 10:07:32,MSFT,299.52,684.0,sell,NASDAQ
tx_0006703,2025-06-09 10:07:33,NFLX,494.36,152.0,sell,NASDAQ
tx_0006395,2025-06-09 10:07:34,ADBE,593.41,822.0,buy,NASDAQ
tx_0003111,2025-06-09 10:07:34,MA,351.43,,buy,NYSE
tx_0007062,2025-06-09 10:07:34,PYPL,,798.0,sell,NASDAQ
tx_0008525,2025-06-09 10:07:35,PYPL,247.77,422.0,sell,NASDAQ
tx_0009152,2025-06-09 10:07:36,ADBE,596.62,305.0,sell,NASDAQ
tx_0008205,2025-06-09 10:07:41,BRK.B,284.67,957.0,buy,NYSE
tx_0002492,2025-06-09 10:07:41,NVDA,192.54,,buy,NASDAQ
tx_0003853,2025-06-09 10:07:42,BRK.B,287.74,740.0,buy,NYSE
tx_0006234,2025-06-09 10:07:43,PEP,154.44,706.0,sell,NYSE
tx_0001402,2025-06-09 10:07:44,MCD,247.37,915.0,sell,NYSE
tx_0004733,2025-06-09 10:07:45,GOOGL,2863.99,989.0,buy,NASDAQ
tx_0003763,2025-06-09 10:07:47,WMT,135.39,968.0,sell,NYSE
tx_0001118,2025-06-09 10:08:00,V,220.28,167.0,buy,NYSE
tx_0001357,2025-06-09 10:08:02,NFLX,495.5,635.0,,NASDAQ
tx_0000985,2025-06-09 10:08:06,BRK.B,287.84,841.0,buy,NYSE
tx_0008282,2025-06-09 10:08:08,PEP,153.3,773.0,sell,NYSE
tx_0000307,2025-06-09 10:08:08,NVDA,196.11,117.0,buy,NASDAQ
tx_0001199,2025-06-09 10:08:10,V,220.72,554.0,buy,NYSE
tx_0004777,2025-06-09 10:08:15,JNJ,165.93,974.0,buy,NYSE
tx_0004031,2025-06-09 10:08:17,BRK.B,283.75,657.0,buy,NYSE
tx_0007280,2025-06-09 10:08:17,AAPL,151.33,,buy,NASDAQ
tx_0005656,2025-06-09 10:08:26,JNJ,166.2,186.0,buy,NYSE
tx_0005519,2025-06-09 10:08:27,PG,140.05,290.0,buy,NYSE
tx_0007937,2025-06-09 10:08:29,FB,333.85,409.0,sell,NASDAQ
tx_0004873,2025-06-09 10:08:30,V,220.24,473.0,sell,NYSE
tx_0007749,2025-06-09 10:08:31,NVDA,195.2,242.0,buy,NASDAQ
tx_0002291,2025-06-09 10:08:34,FB,336.07,124.0,buy,NASDAQ
tx_0002589,2025-06-09 10:08:34,TSLA,694.4,789.0,buy,NASDAQ
tx_0005852,2025-06-09 10:08:39,BRK.B,284.05,1000.0,buy,NYSE
tx_0006680,2025-06-09 10:08:43,WMT,133.76,433.0,sell,NYSE
tx_0004983,2025-06-09 10:08:44,MCD,245.72,633.0,buy,NYSE
tx_0009911,2025-06-09 10:08:45,KO,53.77,381.0,sell,NYSE
tx_0001295,2025-06-09 10:08:49,FB,337.1,81.0,buy,NASDAQ
tx_0005529,2025-06-09 10:08:51,AMZN,3393.1,348.0,sell,NASDAQ
tx_0002816,2025-06-09 10:08:53,BRK.B,285.18,776.0,buy,NYSE
tx_0001730,2025-06-09 10:09:09,GOOGL,2841.61,848.0,buy,NASDAQ
tx_0009365,2025-06-09 10:09:11,NVDA,196.43,295.0,sell,NASDAQ
tx_0003755,2025-06-09 10:09:12,NVDA,194.77,832.0,buy,NASDAQ
tx_0007276,2025-06-09 10:09:17,JNJ,165.18,287.0,sell,NYSE
tx_0006583,2025-06-09 10:09:17,V,219.94,787.0,sell,NYSE
tx_0004266,2025-06-09 10:09:21,DIS,174.44,679.0,buy,NYSE
tx_0003747,2025-06-09 10:09:22,BRK.B,284.78,141.0,sell,NYSE
tx_0003425,2025-06-09 10:09:22,MSFT,298.79,650.0,sell,NASDAQ
tx_0004817,2025-06-09 10:09:26,TSLA,694.09,869.0,sell,NASDAQ
tx_0006412,2025-06-09 10:09:37,BRK.B,288.32,985.0,buy,NYSE
tx_0004511,2025-06-09 10:09:38,ADBE,587.29,,buy,NASDAQ
tx_0004079,2025-06-09 10:09:44,PYPL,252.45,287.0,buy,NASDAQ
tx_0001596,2025-06-09 10:09:46,PEP,,497.0,sell,NYSE
tx_0009380,2025-06-09 10:09:46,V,221.93,288.0,sell,NYSE
tx_0000499,2025-06-09 10:09:46,AAPL,149.07,209.0,sell,NASDAQ
tx_0001432,2025-06-09 10:09:48,MSFT,302.11,543.0,sell,NASDAQ
tx_0003255,2025-06-09 10:09:51,TSLA,697.83,972.0,buy,NASDAQ
tx_0009960,2025-06-09 10:09:53,FB,335.89,687.0,buy,NASDAQ
tx_0008214,2025-06-09 10:09:54,GOOGL,2858.48,476.0,sell,NASDAQ
tx_0001204,2025-06-09 10:09:56,TSLA,699.6,511.0,buy,NASDAQ
tx_0006275,2025-06-09 10:09:56,MA,351.69,985.0,sell,NYSE
tx_0004265,2025-06-09 10:09:57,MCD,248.37,930.0,sell,NYSE
tx_0006768,2025-06-09 10:09:59,PG,140.31,529.0,sell,NYSE
tx_0000533,2025-06-09 10:10:00,PG,138.71,356.0,sell,NYSE
tx_0007236,2025-06-09 10:10:02,AMZN,3378.79,818.0,buy,NASDAQ
tx_0006935,2025-06-09 10:10:03,WMT,134.37,604.0,buy,NYSE
tx_0004185,2025-06-09 10:10:03,MCD,246.34,338.0,sell,NYSE
tx_0004635,2025-06-09 10:10:04,AAPL,149.84,760.0,buy,NASDAQ
tx_0009346,2025-06-09 10:10:04,FB,337.22,85.0,sell,NASDAQ
tx_0003299,2025-06-09 10:10:06,PG,138.4,381.0,sell,NYSE
tx_0001089,2025-06-09 10:10:09,AAPL,149.66,489.0,sell,NASDAQ
tx_0003385,2025-06-09 10:10:11,AAPL,151.38,650.0,buy,NASDAQ
tx_0009994,2025-06-09 10:10:14,WMT,135.44,,sell,NYSE
tx_0005300,2025-06-09 10:10:16,KO,53.69,825.0,sell,NYSE
tx_0001222,2025-06-09 10:10:21,ADBE,592.59,342.0,sell,NASDAQ
tx_0003633,2025-06-09 10:10:22,DIS,171.25,115.0,buy,NYSE
tx_0002505,2025-06-09 10:10:23,MA,355.71,817.0,buy,NYSE
tx_0006092,2025-06-09 10:10:26,TSLA,699.48,393.0,buy,NASDAQ
tx_0004232,2025-06-09 10:10:30,MA,353.52,55.0,sell,NYSE
tx_0005547,2025-06-09 10:10:37,FB,336.3,447.0,buy,NASDAQ
tx_0009262,2025-06-09 10:10:38,NFLX,493.9,736.0,sell,NASDAQ
tx_0008062,2025-06-09 10:10:39,V,218.31,372.0,sell,NYSE
tx_0008678,2025-06-09 10:10:39,MSFT,304.29,663.0,buy,NASDAQ
tx_0006405,2025-06-09 10:10:43,MCD,246.16,399.0,buy,NYSE
tx_0009805,2025-06-09 10:10:44,PEP,153.5,522.0,buy,NYSE
tx_0009518,2025-06-09 10:10:47,V,222.3,339.0,sell,NYSE
tx_0005312,2025-06-09 10:10:48,DIS,172.24,896.0,buy,NYSE
tx_0002974,2025-06-09 10:10:50,ADBE,590.87,124.0,buy,NASDAQ
tx_0007417,2025-06-09 10:10:53,JNJ,165.71,556.0,sell,NYSE
tx_0000079,2025-06-09 10:10:54,PG,140.71,58.0,buy,NYSE
tx_0003544,2025-06-09 10:10:56,AAPL,149.39,784.0,sell,NASDAQ
tx_0006047,2025-06-09 10:11:00,MCD,247.04,588.0,sell,NYSE
tx_0001063,2025-06-09 10:11:02,KO,53.62,383.0,sell,NYSE
tx_0004739,2025-06-09 10:11:02,PG,138.58,787.0,buy,NYSE
tx_0008734,2025-06-09 10:11:04,DIS,174.48,358.0,buy,NYSE
tx_0003845,2025-06-09 10:11:04,JNJ,165.47,86.0,sell,NYSE
tx_0009379,2025-06-09 10:11:05,ADBE,587.48,972.0,sell,NASDAQ
tx_0009064,2025-06-09 10:11:05,DIS,174.46,357.0,sell,NYSE
tx_0004281,2025-06-09 10:11:10,AMZN,3381.45,728.0,sell,NASDAQ
tx_0001429,2025-06-09 10:11:13,NFLX,499.08,792.0,sell,NASDAQ
tx_0005674,2025-06-09 10:11:14,NFLX,493.39,517.0,sell,NASDAQ
tx_0001944,2025-06-09 10:11:14,DIS,172.92,614.0,buy,NYSE
tx_0005687,2025-06-09 10:11:16,MA,354.21,56.0,buy,NYSE
tx_0007476,2025-06-09 10:11:20,NVDA,195.58,185.0,buy,NASDAQ
tx_0008588,2025-06-09 10:11:22,BRK.B,286.05,311.0,sell,NYSE
tx_0009959,2025-06-09 10:11:25,TSLA,,46.0,sell,NASDAQ
tx_0007806,2025-06-09 10:11:28,AAPL,148.77,184.0,buy,NASDAQ
tx_0003266,2025-06-09 10:11:28,MA,,430.0,sell,NYSE
tx_0009506,2025-06-09 10:11:28,AMZN,3412.5,463.0,sell,NASDAQ
tx_0000242,2025-06-09 10:11:33,TSLA,686.25,626.0,sell,NASDAQ
tx_0003457,2025-06-09 10:11:35,DIS,171.97,962.0,sell,NYSE
tx_0006492,2025-06-09 10:11:39,V,,462.0,buy,NYSE
tx_0006721,2025-06-09 10:11:43,PG,138.55,161.0,sell,
tx_0000791,2025-06-09 10:11:43,V,220.0,587.0,sell,NYSE
tx_0008514,2025-06-09 10:11:43,PEP,152.43,672.0,sell,NYSE
tx_0004313,2025-06-09 10:11:44,ADBE,592.65,885.0,sell,NASDAQ
tx_0006907,2025-06-09 10:11:49,DIS,173.04,61.0,sell,NYSE
tx_0008386,2025-06-09 10:11:49,MSFT,301.98,641.0,sell,NASDAQ
tx_0003163,2025-06-09 10:11:56,PG,138.52,863.0,buy,NYSE
tx_0009060,2025-06-09 10:11:56,DIS,171.98,945.0,sell,NYSE
tx_0006254,2025-06-09 10:11:59,MSFT,301.13,813.0,sell,NASDAQ
tx_0009289,2025-06-09 10:11:59,MCD,244.89,891.0,sell,NYSE
tx_0002352,2025-06-09 10:12:00,AAPL,150.61,572.0,buy,NASDAQ
tx_0009848,2025-06-09 10:12:04,TSLA,695.92,655.0,buy,NASDAQ
tx_0000393,2025-06-09 10:12:07,MCD,247.93,21.0,buy,NYSE
tx_0007113,2025-06-09 10:12:09,JNJ,167.03,994.0,buy,NYSE
tx_0001495,2025-06-09 10:12:09,TSLA,695.49,849.0,buy,NASDAQ
tx_0008673,2025-06-09 10:12:12,MSFT,299.12,861.0,buy,NASDAQ
tx_0004417,2025-06-09 10:12:18,MA,352.49,,buy,NYSE
tx_0002134,2025-06-09 10:12:19,NVDA,194.35,825.0,sell,NASDAQ
tx_0000644,2025-06-09 10:12:21,KO,53.43,957.0,sell,NYSE
tx_0002158,2025-06-09 10:12:25,PYPL,254.17,354.0,sell,NASDAQ
tx_0000901,2025-06-09 10:12:27,BRK.B,288.0,945.0,sell,NYSE
tx_0007436,2025-06-09 10:12:32,PG,137.88,774.0,sell,NYSE
tx_0000711,2025-06-09 10:12:33,ADBE,592.78,8.0,sell,NASDAQ
tx_0001454,2025-06-09 10:12:36,MA,351.06,120.0,buy,NYSE
tx_0002711,2025-06-09 10:12:38,MSFT,302.15,844.0,buy,NASDAQ
tx_0003651,2025-06-09 10:12:40,AMZN,3373.45,205.0,buy,
tx_0008955,2025-06-09 10:12:42,DIS,173.88,755.0,buy,NYSE
tx_0008885,2025-06-09 10:12:46,FB,338.33,139.0,sell,NASDAQ
tx_0008133,2025-06-09 10:12:50,FB,333.74,109.0,buy,NASDAQ
tx_0007047,2025-06-09 10:12:52,FB,334.24,403.0,sell,NASDAQ
tx_0006056,2025-06-09 10:12:54,MCD,245.23,98.0,sell,NYSE
tx_0001578,2025-06-09 10:12:55,DIS,175.37,728.0,sell,NYSE
tx_0003816,2025-06-09 10:12:55,V,219.17,351.0,buy,NYSE
tx_0007641,2025-06-09 10:12:58,NFLX,498.33,312.0,sell,NASDAQ
tx_0004981,2025-06-09 10:12:58,TSLA,686.05,324.0,sell,NASDAQ
tx_0009271,2025-06-09 10:13:01,MA,355.68,,buy,NYSE
tx_0001843,2025-06-09 10:13:02,MSFT,299.77,810.0,sell,NASDAQ
tx_0001844,2025-06-09 10:13:05,PEP,152.78,123.0,sell,NYSE
tx_0001791,2025-06-09 10:13:09,NVDA,196.37,326.0,sell,NASDAQ
tx_0000694,2025-06-09 10:13:11,MA,352.31,228.0,sell,NYSE
tx_0001983,2025-06-09 10:13:12,MA,356.77,33.0,sell,NYSE
tx_0006532,2025-06-09 10:13:12,NFLX,,35.0,sell,NASDAQ
tx_0008236,2025-06-09 10:13:25,PG,139.84,3.0,buy,NYSE
tx_0005389,2025-06-09 10:13:25,NFLX,493.83,830.0,buy,NASDAQ
tx_0009785,2025-06-09 10:13:28,NFLX,496.95,411.0,sell,NASDAQ
tx_0006941,2025-06-09 10:13:38,TSLA,697.99,110.0,sell,NASDAQ
tx_0009127,2025-06-09 10:13:40,ADBE,596.59,902.0,buy,NASDAQ
tx_0004198,2025-06-09 10:13:45,FB,337.05,52.0,buy,NASDAQ
tx_0000831,2025-06-09 10:13:47,V,220.95,620.0,sell,NYSE
tx_0007323,2025-06-09 10:13:47,MSFT,302.12,610.0,sell,NASDAQ
tx_0002118,2025-06-09 10:13:48,KO,53.32,204.0,sell,NYSE
tx_0006083,2025-06-09 10:13:49,ADBE,599.74,241.0,sell,NASDAQ
tx_0001412,2025-06-09 10:13:51,DIS,172.73,697.0,buy,NYSE
tx_0001148,2025-06-09 10:13:56,AMZN,3385.9,355.0,buy,NASDAQ
tx_0007288,2025-06-09 10:14:08,FB,333.45,812.0,buy,NASDAQ
tx_0003863,2025-06-09 10:14:09,KO,53.91,141.0,sell,NYSE
tx_0000690,2025-06-09 10:14:10,V,218.69,577.0,sell,NYSE
tx_0003834,2025-06-09 10:14:12,DIS,175.31,361.0,sell,NYSE
tx_0006977,2025-06-09 10:14:13,FB,333.5,836.0,buy,NASDAQ
tx_0001191,2025-06-09 10:14:14,TSLA,,407.0,buy,NASDAQ
tx_0004164,2025-06-09 10:14:14,V,221.12,182.0,sell,NYSE
tx_0004425,2025-06-09 10:14:16,DIS,174.85,454.0,buy,NYSE
tx_0009290,2025-06-09 10:14:16,NFLX,492.41,512.0,buy,NASDAQ
tx_0002549,2025-06-09 10:14:16,NFLX,497.69,167.0,buy,NASDAQ
tx_0004456,2025-06-09 10:14:19,V,221.03,510.0,sell,NYSE
tx_0003792,2025-06-09 10:14:20,AMZN,3394.92,752.0,buy,NASDAQ
tx_0004643,2025-06-09 10:14:25,FB,333.31,,sell,NASDAQ
tx_0005119,2025-06-09 10:14:27,AMZN,3401.2,445.0,buy,NASDAQ
tx_0007324,2025-06-09 10:14:27,GOOGL,2876.84,576.0,sell,NASDAQ
tx_0003551,2025-06-09 10:14:28,PEP,152.46,456.0,buy,NYSE
tx_0002100,2025-06-09 10:14:32,MA,357.99,301.0,sell,NYSE
tx_0006992,2025-06-09 10:14:33,AMZN,3353.78,887.0,sell,NASDAQ
tx_0002242,2025-06-09 10:14:35,KO,53.4,118.0,buy,NYSE
tx_0007613,2025-06-09 10:14:37,MA,354.27,293.0,buy,NYSE
tx_0005543,2025-06-09 10:14:46,GOOGL,2886.42,194.0,buy,NASDAQ
tx_0004016,2025-06-09 10:14:46,PEP,151.52,848.0,buy,NYSE
tx_0004406,2025-06-09 10:14:52,FB,331.47,717.0,sell,NASDAQ
tx_0004771,2025-06-09 10:14:55,AAPL,148.68,791.0,buy,NASDAQ
tx_0004325,2025-06-09 10:14:56,AAPL,149.96,53.0,sell,NASDAQ
tx_0006845,2025-06-09 10:14:59,PYPL,252.93,172.0,buy,NASDAQ
tx_0004702,2025-06-09 10:15:15,AMZN,3400.57,892.0,buy,NASDAQ
tx_0000974,2025-06-09 10:15:19,WMT,134.97,755.0,sell,NYSE
tx_0001670,2025-06-09 10:15:21,JNJ,166.63,352.0,buy,NYSE
tx_0009957,2025-06-09 10:15:23,PEP,152.32,776.0,buy,NYSE
tx_0003262,2025-06-09 10:15:26,NFLX,499.26,2.0,sell,NASDAQ
tx_0007596,2025-06-09 10:15:27,MSFT,298.28,774.0,sell,NASDAQ
tx_0007877,2025-06-09 10:15:27,PG,139.72,607.0,sell,NYSE
tx_0007398,2025-06-09 10:15:27,GOOGL,2858.7,797.0,buy,NASDAQ
tx_0001055,2025-06-09 10:15:29,AAPL,147.9,370.0,buy,NASDAQ
tx_0005731,2025-06-09 10:15:30,DIS,173.54,827.0,buy,NYSE
tx_0002361,2025-06-09 10:15:32,FB,333.54,120.0,sell,
tx_0000205,2025-06-09 10:15:32,MCD,247.3,899.0,buy,NYSE
tx_0008442,2025-06-09 10:15:37,GOOGL,2864.74,727.0,buy,NASDAQ
tx_0002683,2025-06-09 10:15:40,DIS,173.69,979.0,sell,NYSE
tx_0003653,2025-06-09 10:15:44,KO,53.5,15.0,buy,NYSE
tx_0002033,2025-06-09 10:15:46,PEP,153.63,194.0,buy,NYSE
tx_0002432,2025-06-09 10:15:50,PEP,152.81,372.0,sell,NYSE
tx_0003739,2025-06-09 10:15:50,FB,335.98,499.0,buy,NASDAQ
tx_0006638,2025-06-09 10:15:53,AMZN,3375.75,88.0,buy,NASDAQ
tx_0000740,2025-06-09 10:15:54,FB,335.31,358.0,buy,NASDAQ
tx_0002040,2025-06-09 10:15:54,NVDA,196.48,232.0,buy,NASDAQ
tx_0003120,2025-06-09 10:15:55,PG,139.91,277.0,sell,NYSE
tx_0000324,2025-06-09 10:15:56,JNJ,167.48,431.0,sell,NYSE
tx_0006952,2025-06-09 10:16:01,BRK.B,288.44,395.0,sell,NYSE
tx_0002838,2025-06-09 10:16:02,AAPL,150.41,237.0,sell,NASDAQ
tx_0003479,2025-06-09 10:16:05,AAPL,149.05,967.0,buy,NASDAQ
tx_0008460,2025-06-09 10:16:05,DIS,174.27,446.0,,NYSE
tx_0005893,2025-06-09 10:16:07,WMT,135.61,757.0,buy,NYSE
tx_0003535,2025-06-09 10:16:08,MSFT,298.26,126.0,buy,NASDAQ
tx_0000122,2025-06-09 10:16:08,MA,354.02,31.0,buy,NYSE
tx_0008104,2025-06-09 10:16:15,PG,139.7,394.0,sell,NYSE
tx_0005170,2025-06-09 10:16:18,PEP,153.36,505.0,buy,NYSE
tx_0005697,2025-06-09 10:16:20,NVDA,193.79,138.0,sell,NASDAQ
tx_0008956,2025-06-09 10:16:20,AAPL,148.35,504.0,buy,NASDAQ
tx_0001864,2025-06-09 10:16:23,TSLA,695.6,218.0,buy,NASDAQ
tx_0003474,2025-06-09 10:16:23,WMT,133.27,39.0,sell,NYSE
tx_0006221,2025-06-09 10:16:25,MCD,247.97,398.0,buy,NYSE
tx_0004090,2025-06-09 10:16:26,BRK.B,292.34,461.0,buy,NYSE
tx_0001988,2025-06-09 10:16:28,KO,53.85,479.0,sell,NYSE
tx_0006697,2025-06-09 10:16:29,V,221.94,938.0,buy,NYSE
tx_0001593,2025-06-09 10:16:33,NFLX,496.77,515.0,sell,NASDAQ
tx_0009987,2025-06-09 10:16:36,ADBE,596.2,,buy,NASDAQ
tx_0009445,2025-06-09 10:16:40,JNJ,165.55,773.0,buy,NYSE
tx_0003524,2025-06-09 10:16:40,MSFT,298.23,656.0,sell,NASDAQ
tx_0002798,2025-06-09 10:16:42,NVDA,195.4,113.0,buy,NASDAQ
tx_0000668,2025-06-09 10:16:44,MCD,246.59,138.0,sell,NYSE
tx_0003694,2025-06-09 10:16:49,MSFT,302.55,488.0,sell,NASDAQ
tx_0004000,2025-06-09 10:16:50,GOOGL,2847.37,985.0,sell,NASDAQ
tx_0002951,2025-06-09 10:16:51,PEP,153.14,781.0,buy,NYSE
tx_0003868,2025-06-09 10:16:52,MCD,248.72,737.0,sell,NYSE
tx_0004100,2025-06-09 10:16:53,PEP,155.46,334.0,buy,NYSE
tx_0001952,2025-06-09 10:16:55,TSLA,697.1,882.0,buy,NASDAQ
tx_0005338,2025-06-09 10:17:00,AAPL,149.12,963.0,sell,NASDAQ
tx_0005378,2025-06-09 10:17:00,NVDA,195.79,62.0,buy,NASDAQ
tx_0005147,2025-06-09 10:17:01,FB,337.5,536.0,sell,NASDAQ
tx_0005617,2025-06-09 10:17:01,WMT,136.35,670.0,buy,NYSE
tx_0006415,2025-06-09 10:17:04,ADBE,602.59,921.0,buy,NASDAQ
tx_0002755,2025-06-09 10:17:04,PG,138.92,677.0,buy,NYSE
tx_0008815,2025-06-09 10:17:05,AMZN,3400.26,549.0,sell,NASDAQ
tx_0007745,2025-06-09 10:17:06,TSLA,703.6,149.0,buy,NASDAQ
tx_0000139,2025-06-09 10:17:09,MSFT,302.52,271.0,buy,NASDAQ
tx_0008497,2025-06-09 10:17:09,TSLA,696.12,617.0,buy,NASDAQ
tx_0008503,2025-06-09 10:17:10,MCD,246.5,15.0,sell,NYSE
tx_0004742,2025-06-09 10:17:12,V,221.58,26.0,sell,NYSE
tx_0006502,2025-06-09 10:17:13,AAPL,149.42,439.0,buy,NASDAQ
tx_0002827,2025-06-09 10:17:14,MCD,246.45,889.0,sell,NYSE
tx_0008632,2025-06-09 10:17:17,PEP,,471.0,sell,NYSE
tx_0004165,2025-06-09 10:17:21,PYPL,255.59,585.0,buy,NASDAQ
tx_0001884,2025-06-09 10:17:22,AMZN,3364.63,249.0,sell,NASDAQ
tx_0005554,2025-06-09 10:17:23,AAPL,149.63,915.0,sell,NASDAQ
tx_0008402,2025-06-09 10:17:25,BRK.B,290.03,490.0,buy,NYSE
tx_0004469,2025-06-09 10:17:25,V,219.92,460.0,buy,NYSE
tx_0002433,2025-06-09 10:17:27,NFLX,496.02,,buy,NASDAQ
tx_0006387,2025-06-09 10:17:27,PG,139.01,999.0,sell,NYSE
tx_0008154,2025-06-09 10:17:29,MCD,247.09,574.0,sell,NYSE
tx_0001436,2025-06-09 10:17:29,NFLX,496.22,426.0,sell,NASDAQ
tx_0004190,2025-06-09 10:17:29,DIS,,444.0,buy,NYSE
tx_0003719,2025-06-09 10:17:34,AAPL,150.7,563.0,buy,NASDAQ
tx_0005192,2025-06-09 10:17:39,ADBE,603.01,333.0,sell,NASDAQ
tx_0000292,2025-06-09 10:17:41,AMZN,3385.7,143.0,buy,NASDAQ
tx_0008589,2025-06-09 10:17:45,DIS,,126.0,buy,NYSE
tx_0000723,2025-06-09 10:17:47,AAPL,148.44,979.0,buy,NASDAQ
tx_0009481,2025-06-09 10:17:48,AAPL,150.18,559.0,sell,NASDAQ
tx_0009607,2025-06-09 10:17:50,PG,138.38,131.0,sell,NYSE
tx_0007656,2025-06-09 10:17:54,TSLA,697.86,798.0,sell,NASDAQ
tx_0000478,2025-06-09 10:17:57,JNJ,166.29,15.0,sell,NYSE
tx_0005472,2025-06-09 10:17:57,KO,54.25,100.0,sell,NYSE
tx_0004902,2025-06-09 10:17:58,BRK.B,288.32,7.0,sell,NYSE
tx_0007159,2025-06-09 10:17:58,NFLX,498.1,335.0,buy,NASDAQ
tx_0008219,2025-06-09 10:17:59,GOOGL,2870.17,779.0,sell,NASDAQ
tx_0002918,2025-06-09 10:18:01,NFLX,500.8,463.0,buy,NASDAQ
tx_0003773,2025-06-09 10:18:01,JNJ,166.63,8.0,buy,NYSE
tx_0000708,2025-06-09 10:18:02,NFLX,499.16,484.0,sell,NASDAQ
tx_0008923,2025-06-09 10:18:04,MA,352.98,339.0,sell,NYSE
tx_0002957,2025-06-09 10:18:04,WMT,136.84,938.0,sell,NYSE
tx_0004813,2025-06-09 10:18:07,NFLX,503.2,797.0,buy,NASDAQ
tx_0001589,2025-06-09 10:18:14,TSLA,706.56,274.0,sell,NASDAQ
tx_0001621,2025-06-09 10:18:16,MSFT,297.54,332.0,buy,NASDAQ
tx_0008991,2025-06-09 10:18:18,NFLX,499.09,,sell,NASDAQ
tx_0003298,2025-06-09 10:18:19,MCD,245.88,230.0,buy,NYSE
tx_0008264,2025-06-09 10:18:24,PEP,154.94,807.0,sell,NYSE
tx_0003143,2025-06-09 10:18:26,JNJ,167.41,963.0,sell,NYSE
tx_0009078,2025-06-09 10:18:28,MSFT,296.97,201.0,sell,NASDAQ
tx_0000934,2025-06-09 10:18:28,AAPL,148.77,669.0,sell,NASDAQ
tx_0000171,2025-06-09 10:18:34,GOOGL,2832.16,949.0,buy,NASDAQ
tx_0000737,2025-06-09 10:18:42,FB,333.82,619.0,sell,NASDAQ
tx_0005913,2025-06-09 10:18:43,AAPL,147.88,835.0,buy,NASDAQ
tx_0002429,2025-06-09 10:18:45,WMT,134.75,958.0,buy,NYSE
tx_0000932,2025-06-09 10:18:45,PEP,152.82,602.0,sell,NYSE
tx_0003021,2025-06-09 10:18:47,NVDA,194.97,61.0,sell,
tx_0008427,2025-06-09 10:18:51,TSLA,697.89,112.0,buy,NASDAQ
tx_0003156,2025-06-09 10:18:51,PYPL,252.98,263.0,buy,NASDAQ
tx_0004025,2025-06-09 10:18:52,JNJ,168.08,436.0,buy,
tx_0006258,2025-06-09 10:18:55,AAPL,148.29,592.0,sell,NASDAQ
tx_0003084,2025-06-09 10:18:56,MSFT,302.81,317.0,sell,NASDAQ
tx_0008175,2025-06-09 10:19:01,PYPL,253.01,965.0,sell,NASDAQ
tx_0004133,2025-06-09 10:19:06,AAPL,150.03,430.0,buy,NASDAQ
tx_0001899,2025-06-09 10:19:11,BRK.B,288.05,292.0,buy,NYSE
tx_0009298,2025-06-09 10:19:15,GOOGL,2841.08,772.0,buy,NASDAQ
tx_0008453,2025-06-09 10:19:17,FB,337.22,312.0,buy,NASDAQ
tx_0003904,2025-06-09 10:19:19,KO,54.53,412.0,sell,NYSE
tx_0006439,2025-06-09 10:19:20,PEP,154.91,816.0,sell,NYSE
tx_0008375,2025-06-09 10:19:24,MCD,246.99,459.0,buy,NYSE
tx_0003153,2025-06-09 10:19:26,BRK.B,286.44,34.0,buy,NYSE
tx_0001104,2025-06-09 10:19:26,V,221.24,471.0,buy,NYSE
tx_0002393,2025-06-09 10:19:26,JNJ,167.28,636.0,sell,NYSE
tx_0007271,2025-06-09 10:19:27,GOOGL,2844.52,296.0,buy,NASDAQ
tx_0006933,2025-06-09 10:19:29,V,222.09,564.0,sell,NYSE
tx_0009808,2025-06-09 10:19:30,V,,242.0,buy,NYSE
tx_0003108,2025-06-09 10:19:33,PG,139.32,242.0,sell,NYSE
tx_0004998,2025-06-09 10:19:36,AAPL,149.12,398.0,sell,NASDAQ
tx_0002117,2025-06-09 10:19:36,NVDA,195.17,335.0,sell,NASDAQ
tx_0006974,2025-06-09 10:19:36,PEP,,33.0,sell,NYSE
tx_0003895,2025-06-09 10:19:37,PG,138.6,1.0,sell,NYSE
tx_0002018,2025-06-09 10:19:37,MA,357.35,486.0,buy,NYSE
tx_0004482,2025-06-09 10:19:41,AMZN,3372.42,923.0,buy,NASDAQ
tx_0004262,2025-06-09 10:19:41,BRK.B,287.75,956.0,sell,NYSE
tx_0000338,2025-06-09 10:19:43,MSFT,301.4,160.0,buy,NASDAQ
tx_0009847,2025-06-09 10:19:45,BRK.B,284.59,770.0,sell,NYSE
tx_0007651,2025-06-09 10:19:45,AAPL,148.14,476.0,buy,NASDAQ
tx_0002669,2025-06-09 10:19:46,DIS,174.18,635.0,,NYSE
tx_0000743,2025-06-09 10:19:47,WMT,135.02,912.0,sell,NYSE
tx_0007809,2025-06-09 10:19:48,MA,361.01,812.0,buy,NYSE
tx_0004402,2025-06-09 10:19:48,DIS,172.82,414.0,buy,NYSE
tx_0005175,2025-06-09 10:19:54,WMT,136.82,248.0,buy,NYSE
tx_0002066,2025-06-09 10:20:02,AMZN,3378.41,834.0,buy,NASDAQ
tx_0003003,2025-06-09 10:20:02,NVDA,196.53,977.0,buy,NASDAQ
tx_0005136,2025-06-09 10:20:03,NFLX,501.7,225.0,sell,NASDAQ
tx_0008664,2025-06-09 10:20:03,PYPL,,773.0,sell,NASDAQ
tx_0002454,2025-06-09 10:20:04,ADBE,597.18,433.0,buy,NASDAQ
tx_0000834,2025-06-09 10:20:04,V,220.97,223.0,buy,NYSE
tx_0001168,2025-06-09 10:20:07,NVDA,195.73,234.0,buy,NASDAQ
tx_0003238,2025-06-09 10:20:09,TSLA,705.32,636.0,buy,NASDAQ
tx_0007150,2025-06-09 10:20:11,PYPL,,838.0,sell,NASDAQ
tx_0000143,2025-06-09 10:20:17,WMT,135.88,832.0,buy,NYSE
tx_0001624,2025-06-09 10:20:19,MA,357.52,987.0,buy,NYSE
tx_0007002,2025-06-09 10:20:20,AAPL,150.5,800.0,buy,NASDAQ
tx_0007027,2025-06-09 10:20:21,AAPL,149.41,299.0,sell,NASDAQ
tx_0000868,2025-06-09 10:20:23,NFLX,502.16,135.0,buy,NASDAQ
tx_0008162,2025-06-09 10:20:27,TSLA,704.5,167.0,buy,NASDAQ
tx_0001544,2025-06-09 10:20:28,PG,138.74,621.0,buy,NYSE
tx_0001571,2025-06-09 10:20:29,AAPL,149.59,281.0,,NASDAQ
tx_0001976,2025-06-09 10:20:30,MA,356.87,252.0,sell,NYSE
tx_0005715,2025-06-09 10:20:37,GOOGL,2858.21,352.0,buy,NASDAQ
tx_0005102,2025-06-09 10:20:38,BRK.B,285.76,,buy,NYSE
tx_0000707,2025-06-09 10:20:40,ADBE,598.85,860.0,buy,NASDAQ
tx_0008640,2025-06-09 10:20:40,MA,357.26,985.0,buy,NYSE
tx_0001207,2025-06-09 10:20:41,BRK.B,289.11,165.0,sell,NYSE
tx_0009242,2025-06-09 10:20:41,KO,54.71,26.0,sell,NYSE
tx_0004679,2025-06-09 10:20:43,MSFT,297.44,418.0,,NASDAQ
tx_0001828,2025-06-09 10:20:48,JNJ,168.47,126.0,buy,NYSE
tx_0004125,2025-06-09 10:20:50,FB,339.18,23.0,sell,NASDAQ
tx_0009603,2025-06-09 10:20:57,MA,357.82,267.0,sell,NYSE
tx_0007052,2025-06-09 10:20:58,NFLX,499.99,654.0,buy,NASDAQ
tx_0007500,2025-06-09 10:20:59,TSLA,694.98,49.0,sell,NASDAQ
tx_0007284,2025-06-09 10:21:04,PEP,156.03,887.0,buy,NYSE
tx_0007274,2025-06-09 10:21:22,AAPL,,876.0,sell,NASDAQ
tx_0000922,2025-06-09 10:21:23,GOOGL,2889.83,189.0,sell,NASDAQ
tx_0007984,2025-06-09 10:21:27,PEP,,868.0,buy,NYSE
tx_0006483,2025-06-09 10:21:27,PEP,156.04,867.0,sell,NYSE
tx_0003990,2025-06-09 10:21:28,NFLX,505.14,583.0,sell,NASDAQ
tx_0002672,2025-06-09 10:21:30,MA,357.15,423.0,sell,NYSE
tx_0002080,2025-06-09 10:21:41,AAPL,,421.0,sell,NASDAQ
tx_0005494,2025-06-09 10:21:47,TSLA,691.26,586.0,buy,NASDAQ
tx_0009795,2025-06-09 10:21:48,PEP,154.49,696.0,sell,NYSE
tx_0006075,2025-06-09 10:21:49,PEP,153.99,180.0,buy,NYSE
tx_0008484,2025-06-09 10:21:49,PYPL,257.28,372.0,sell,NASDAQ
tx_0001779,2025-06-09 10:21:49,ADBE,596.66,99.0,buy,NASDAQ
tx_0008893,2025-06-09 10:21:52,PG,137.83,438.0,buy,NYSE
tx_0002740,2025-06-09 10:21:54,FB,336.27,448.0,sell,NASDAQ
tx_0007519,2025-06-09 10:21:57,V,220.06,80.0,buy,NYSE
tx_0004779,2025-06-09 10:21:57,ADBE,600.76,488.0,buy,NASDAQ
tx_0003582,2025-06-09 10:21:58,PG,139.66,550.0,sell,NYSE
tx_0008910,2025-06-09 10:22:01,KO,54.81,437.0,sell,NYSE
tx_0005834,2025-06-09 10:22:10,PYPL,256.01,704.0,,NASDAQ
tx_0003986,2025-06-09 10:22:10,BRK.B,285.38,470.0,buy,NYSE
tx_0005758,2025-06-09 10:22:10,DIS,170.87,876.0,sell,NYSE
tx_0002716,2025-06-09 10:22:12,MA,357.16,190.0,buy,NYSE
tx_0000497,2025-06-09 10:22:13,KO,54.2,910.0,buy,NYSE
tx_0005435,2025-06-09 10:22:17,AMZN,3364.18,387.0,buy,NASDAQ
tx_0006983,2025-06-09 10:22:20,BRK.B,290.91,69.0,sell,NYSE
tx_0008500,2025-06-09 10:22:23,NVDA,193.25,441.0,buy,NASDAQ
tx_0007779,2025-06-09 10:22:25,MCD,247.31,600.0,sell,NYSE
tx_0002137,2025-06-09 10:22:26,AAPL,149.52,496.0,buy,NASDAQ
tx_0000129,2025-06-09 10:22:30,KO,55.11,387.0,sell,NYSE
tx_0003589,2025-06-09 10:22:35,PEP,153.77,643.0,sell,NYSE
tx_0009739,2025-06-09 10:22:35,TSLA,688.69,920.0,sell,NASDAQ
tx_0006595,2025-06-09 10:22:40,GOOGL,2848.41,,buy,NASDAQ
tx_0009360,2025-06-09 10:22:42,MA,360.43,343.0,buy,NYSE
tx_0006081,2025-06-09 10:22:44,AAPL,149.62,528.0,sell,NASDAQ
tx_0005569,2025-06-09 10:22:48,PEP,155.0,512.0,sell,NYSE
tx_0002219,2025-06-09 10:22:48,BRK.B,285.33,474.0,buy,NYSE
tx_0008902,2025-06-09 10:22:48,JNJ,168.26,773.0,sell,NYSE
tx_0002514,2025-06-09 10:22:59,GOOGL,2819.56,72.0,sell,NASDAQ
tx_0006256,2025-06-09 10:23:02,TSLA,694.14,186.0,sell,NASDAQ
tx_0001876,2025-06-09 10:23:07,TSLA,691.6,8.0,sell,NASDAQ
tx_0000054,2025-06-09 10:23:08,AAPL,150.07,377.0,sell,NASDAQ
tx_0009308,2025-06-09 10:23:17,AMZN,3359.43,39.0,sell,NASDAQ
tx_0002254,2025-06-09 10:23:18,AMZN,3389.59,573.0,buy,NASDAQ
tx_0008087,2025-06-09 10:23:21,NFLX,501.2,79.0,buy,NASDAQ
tx_0007458,2025-06-09 10:23:27,NFLX,496.95,82.0,sell,NASDAQ
tx_0003866,2025-06-09 10:23:33,MA,358.99,70.0,buy,NYSE
tx_0008777,2025-06-09 10:23:33,FB,337.64,453.0,buy,NASDAQ
tx_0005853,2025-06-09 10:23:38,WMT,134.52,738.0,buy,NYSE
tx_0002093,2025-06-09 10:23:39,MSFT,299.66,918.0,buy,NASDAQ
tx_0004316,2025-06-09 10:23:41,PEP,154.84,535.0,buy,NYSE
tx_0004227,2025-06-09 10:23:53,WMT,134.28,679.0,sell,NYSE
tx_0001038,2025-06-09 10:23:56,PG,139.14,358.0,buy,NYSE
tx_0006148,2025-06-09 10:23:56,KO,53.97,33.0,sell,NYSE
tx_0008922,2025-06-09 10:24:02,AMZN,3367.71,7.0,buy,NASDAQ
tx_0007232,2025-06-09 10:24:02,MA,358.26,214.0,buy,NYSE
tx_0002155,2025-06-09 10:24:06,AAPL,148.55,235.0,buy,NASDAQ
tx_0005655,2025-06-09 10:24:06,AMZN,3396.14,801.0,buy,NASDAQ
tx_0008980,2025-06-09 10:24:07,WMT,135.36,253.0,sell,NYSE
tx_0002950,2025-06-09 10:24:08,NVDA,191.86,595.0,buy,NASDAQ
tx_0002736,2025-06-09 10:24:14,JNJ,165.71,361.0,buy,NYSE
tx_0004041,2025-06-09 10:24:19,BRK.B,289.8,838.0,buy,NYSE
tx_0005404,2025-06-09 10:24:21,ADBE,592.46,423.0,buy,NASDAQ
tx_0002818,2025-06-09 10:24:22,MCD,244.56,701.0,sell,NYSE
tx_0009296,2025-06-09 10:24:24,NFLX,496.71,570.0,buy,NASDAQ
tx_0005740,2025-06-09 10:24:26,KO,54.53,217.0,sell,NYSE
tx_0009484,2025-06-09 10:24:28,AAPL,149.36,639.0,sell,NASDAQ
tx_0009325,2025-06-09 10:24:29,PYPL,256.16,573.0,buy,NASDAQ
tx_0000274,2025-06-09 10:24:30,AAPL,147.42,389.0,buy,NASDAQ
tx_0005846,2025-06-09 10:24:32,PG,137.74,928.0,buy,NYSE
tx_0006551,2025-06-09 10:24:34,KO,54.73,95.0,buy,NYSE
tx_0000400,2025-06-09 10:24:38,MA,356.53,947.0,sell,NYSE
tx_0007815,2025-06-09 10:24:38,DIS,174.08,,buy,NYSE
tx_0004492,2025-06-09 10:24:38,MSFT,300.21,900.0,sell,NASDAQ
tx_0006713,2025-06-09 10:24:39,AMZN,3383.81,59.0,buy,NASDAQ
tx_0000053,2025-06-09 10:24:43,MA,359.13,643.0,sell,NYSE
tx_0005859,2025-06-09 10:24:44,MCD,244.23,,sell,NYSE
tx_0002521,2025-06-09 10:24:46,PYPL,258.68,349.0,buy,NASDAQ
tx_0002380,2025-06-09 10:24:47,PG,137.62,9.0,buy,NYSE
tx_0002844,2025-06-09 10:24:49,BRK.B,287.41,659.0,buy,NYSE
tx_0001588,2025-06-09 10:24:51,FB,336.2,820.0,sell,NASDAQ
tx_0003240,2025-06-09 10:24:51,WMT,,,buy,NYSE
tx_0005782,2025-06-09 10:24:52,MA,358.56,19.0,sell,NYSE
tx_0003009,2025-06-09 10:24:52,MSFT,301.29,900.0,buy,NASDAQ
tx_0008891,2025-06-09 10:24:52,GOOGL,2828.85,20.0,buy,NASDAQ
tx_0008321,2025-06-09 10:24:54,V,217.01,839.0,sell,NYSE
tx_0000870,2025-06-09 10:24:55,DIS,171.15,486.0,sell,NYSE
tx_0002488,2025-06-09 10:24:58,V,218.84,324.0,buy,NYSE
tx_0004545,2025-06-09 10:24:58,WMT,136.15,69.0,buy,NYSE
tx_0007472,2025-06-09 10:25:03,KO,54.98,449.0,buy,NYSE
tx_0005498,2025-06-09 10:25:04,NVDA,192.48,611.0,buy,NASDAQ
tx_0009986,2025-06-09 10:25:08,MCD,245.84,620.0,buy,NYSE
tx_0007360,2025-06-09 10:25:09,MSFT,301.45,50.0,sell,NASDAQ
tx_0006806,2025-06-09 10:25:11,AAPL,146.99,380.0,buy,NASDAQ
tx_0002883,2025-06-09 10:25:14,ADBE,595.06,108.0,buy,NASDAQ
tx_0009158,2025-06-09 10:25:21,MA,358.22,972.0,buy,NYSE
tx_0001325,2025-06-09 10:25:22,ADBE,593.73,876.0,buy,NASDAQ
tx_0003596,2025-06-09 10:25:25,FB,,201.0,sell,
tx_0003902,2025-06-09 10:25:26,WMT,135.75,260.0,sell,NYSE
tx_0001515,2025-06-09 10:25:26,V,217.41,491.0,buy,NYSE
tx_0003807,2025-06-09 10:25:30,BRK.B,286.96,403.0,sell,NYSE
tx_0002696,2025-06-09 10:25:30,BRK.B,290.44,301.0,buy,NYSE
tx_0004372,2025-06-09 10:25:37,JNJ,168.33,428.0,buy,NYSE
tx_0006448,2025-06-09 10:25:49,V,219.48,652.0,buy,NYSE
tx_0002756,2025-06-09 10:25:56,AAPL,147.57,98.0,sell,NASDAQ
tx_0007690,2025-06-09 10:25:57,MCD,242.0,987.0,sell,NYSE
tx_0001576,2025-06-09 10:26:00,FB,334.58,83.0,sell,NASDAQ
tx_0001406,2025-06-09 10:26:03,AAPL,147.1,78.0,sell,NASDAQ
tx_0007029,2025-06-09 10:26:03,AMZN,3402.64,751.0,sell,NASDAQ
tx_0007151,2025-06-09 10:26:07,MCD,245.99,984.0,buy,NYSE
tx_0003327,2025-06-09 10:26:14,AAPL,147.01,634.0,sell,NASDAQ
tx_0002587,2025-06-09 10:26:16,KO,54.57,182.0,buy,NYSE
tx_0005298,2025-06-09 10:26:16,WMT,135.09,661.0,buy,NYSE
tx_0005981,2025-06-09 10:26:18,NFLX,500.06,400.0,buy,NASDAQ
tx_0007422,2025-06-09 10:26:20,TSLA,699.7,698.0,buy,NASDAQ
tx_0008845,2025-06-09 10:26:20,AAPL,147.51,586.0,sell,NASDAQ
tx_0000268,2025-06-09 10:26:23,AAPL,148.25,556.0,buy,NASDAQ
tx_0005564,2025-06-09 10:26:24,NVDA,191.87,251.0,sell,NASDAQ
tx_0001545,2025-06-09 10:26:25,PEP,153.32,307.0,sell,NYSE
tx_0005107,2025-06-09 10:26:25,DIS,171.12,888.0,buy,NYSE
tx_0002722,2025-06-09 10:26:26,FB,334.17,624.0,sell,NASDAQ
tx_0008981,2025-06-09 10:26:29,MSFT,298.85,694.0,buy,NASDAQ
tx_0003241,2025-06-09 10:26:29,WMT,,612.0,sell,NYSE
tx_0008725,2025-06-09 10:26:32,TSLA,694.76,539.0,sell,NASDAQ
tx_0004964,2025-06-09 10:26:33,PG,137.0,473.0,sell,NYSE
tx_0009707,2025-06-09 10:26:35,ADBE,594.25,49.0,buy,NASDAQ
tx_0003918,2025-06-09 10:26:36,KO,54.97,941.0,sell,NYSE
tx_0004151,2025-06-09 10:26:36,JNJ,166.95,75.0,buy,NYSE
tx_0006031,2025-06-09 10:26:39,WMT,,777.0,buy,NYSE
tx_0007717,2025-06-09 10:26:42,JNJ,169.06,220.0,sell,NYSE
tx_0001974,2025-06-09 10:26:42,KO,54.88,589.0,buy,NYSE
tx_0005444,2025-06-09 10:26:43,V,216.58,587.0,,NYSE
tx_0002854,2025-06-09 10:26:48,NVDA,194.38,890.0,buy,NASDAQ
tx_0007979,2025-06-09 10:26:50,ADBE,586.97,7.0,,NASDAQ
tx_0003033,2025-06-09 10:26:53,PYPL,257.82,156.0,sell,NASDAQ
tx_0000488,2025-06-09 10:26:57,BRK.B,289.7,87.0,sell,NYSE
tx_0009803,2025-06-09 10:26:58,BRK.B,287.24,568.0,sell,NYSE
tx_0009800,2025-06-09 10:27:01,KO,54.85,340.0,buy,NYSE
tx_0000968,2025-06-09 10:27:05,MA,356.18,763.0,sell,NYSE
tx_0004102,2025-06-09 10:27:10,AMZN,3358.81,205.0,buy,NASDAQ
tx_0006227,2025-06-09 10:27:13,MSFT,297.19,30.0,buy,NASDAQ
tx_0002819,2025-06-09 10:27:16,ADBE,593.5,579.0,sell,NASDAQ
tx_0008864,2025-06-09 10:27:18,V,215.37,55.0,sell,NYSE
tx_0006783,2025-06-09 10:27:20,MCD,,484.0,buy,NYSE
tx_0007931,2025-06-09 10:27:22,WMT,135.24,248.0,buy,NYSE
tx_0002857,2025-06-09 10:27:22,MCD,242.48,274.0,sell,NYSE
tx_0002944,2025-06-09 10:27:25,V,216.81,413.0,buy,NYSE
tx_0007881,2025-06-09 10:27:26,NFLX,503.21,620.0,buy,NASDAQ
tx_0006164,2025-06-09 10:27:26,MCD,246.62,26.0,buy,NYSE
tx_0007377,2025-06-09 10:27:31,JNJ,167.09,690.0,buy,NYSE
tx_0002920,2025-06-09 10:27:31,TSLA,703.95,880.0,buy,NASDAQ
tx_0004397,2025-06-09 10:27:32,V,216.33,315.0,buy,NYSE
tx_0009301,2025-06-09 10:27:34,MCD,,897.0,buy,NYSE
tx_0001244,2025-06-09 10:27:34,KO,54.5,377.0,buy,NYSE
tx_0000951,2025-06-09 10:27:34,WMT,133.81,411.0,buy,NYSE
tx_0000312,2025-06-09 10:27:35,DIS,173.33,815.0,sell,NYSE
tx_0001817,2025-06-09 10:27:37,NVDA,193.29,605.0,buy,NASDAQ
tx_0009551,2025-06-09 10:27:41,AMZN,3353.34,893.0,sell,NASDAQ
tx_0006379,2025-06-09 10:27:42,NFLX,503.44,371.0,buy,NASDAQ
tx_0007511,2025-06-09 10:27:46,MSFT,301.21,986.0,buy,NASDAQ
tx_0008025,2025-06-09 10:27:53,MSFT,297.84,518.0,sell,NASDAQ
tx_0004130,2025-06-09 10:27:55,WMT,134.15,517.0,buy,NYSE
tx_0004885,2025-06-09 10:27:58,JNJ,166.61,529.0,buy,NYSE
tx_0007389,2025-06-09 10:28:01,NFLX,502.7,637.0,buy,NASDAQ
tx_0001486,2025-06-09 10:28:06,PEP,152.27,994.0,sell,NYSE
tx_0008997,2025-06-09 10:28:07,PEP,153.15,66.0,buy,NYSE
tx_0005930,2025-06-09 10:28:08,PYPL,256.55,491.0,sell,NASDAQ
tx_0005688,2025-06-09 10:28:09,PEP,152.21,300.0,sell,NYSE
tx_0005764,2025-06-09 10:28:11,WMT,134.66,862.0,sell,NYSE
tx_0007450,2025-06-09 10:28:13,MSFT,300.87,150.0,,NASDAQ
tx_0004661,2025-06-09 10:28:15,BRK.B,290.88,386.0,buy,NYSE
tx_0007216,2025-06-09 10:28:21,MCD,242.94,422.0,sell,NYSE
tx_0009066,2025-06-09 10:28:22,FB,328.83,560.0,,NASDAQ
tx_0000529,2025-06-09 10:28:23,AAPL,149.11,21.0,buy,NASDAQ
tx_0004714,2025-06-09 10:28:24,AMZN,3412.38,536.0,sell,NASDAQ
tx_0002017,2025-06-09 10:28:25,WMT,135.05,218.0,sell,NYSE
tx_0009704,2025-06-09 10:28:26,PEP,155.17,230.0,buy,NYSE
tx_0008641,2025-06-09 10:28:30,KO,54.95,567.0,buy,NYSE
tx_0007045,2025-06-09 10:28:36,BRK.B,290.1,388.0,buy,NYSE
tx_0007830,2025-06-09 10:28:39,GOOGL,2798.61,93.0,sell,NASDAQ
tx_0009503,2025-06-09 10:28:45,V,215.17,198.0,buy,NYSE
tx_0008475,2025-06-09 10:28:45,KO,54.93,444.0,buy,NYSE
tx_0004924,2025-06-09 10:28:48,PYPL,256.32,507.0,buy,NASDAQ
tx_0009306,2025-06-09 10:28:49,V,217.61,555.0,sell,NYSE
tx_0005463,2025-06-09 10:28:50,PEP,154.63,,sell,NYSE
tx_0003172,2025-06-09 10:28:51,V,215.56,,sell,NYSE
tx_0007710,2025-06-09 10:28:57,NVDA,190.43,589.0,sell,NASDAQ
tx_0005324,2025-06-09 10:28:59,MCD,246.23,,sell,NYSE
tx_0008266,2025-06-09 10:29:01,NFLX,501.31,141.0,sell,NASDAQ
tx_0002400,2025-06-09 10:29:05,MA,355.54,829.0,buy,NYSE
tx_0001938,2025-06-09 10:29:08,PG,137.83,840.0,sell,NYSE
tx_0002654,2025-06-09 10:29:09,NVDA,192.92,253.0,buy,NASDAQ
tx_0006991,2025-06-09 10:29:13,AMZN,3368.83,39.0,buy,NASDAQ
tx_0008602,2025-06-09 10:29:14,NVDA,189.7,161.0,sell,NASDAQ
tx_0004943,2025-06-09 10:29:17,DIS,171.36,617.0,buy,NYSE
tx_0003319,2025-06-09 10:29:17,PYPL,255.73,,sell,NASDAQ
tx_0005521,2025-06-09 10:29:20,GOOGL,2786.13,449.0,buy,NASDAQ
tx_0008130,2025-06-09 10:29:21,PG,138.06,692.0,buy,NYSE
tx_0008571,2025-06-09 10:29:25,MCD,242.8,134.0,buy,NYSE
tx_0003832,2025-06-09 10:29:25,PYPL,254.09,17.0,sell,NASDAQ
tx_0001656,2025-06-09 10:29:31,TSLA,699.07,597.0,buy,NASDAQ
tx_0009914,2025-06-09 10:29:32,PYPL,,718.0,sell,NASDAQ
tx_0007355,2025-06-09 10:29:32,DIS,171.94,894.0,buy,NYSE
tx_0005807,2025-06-09 10:29:32,WMT,134.99,608.0,sell,NYSE
tx_0003665,2025-06-09 10:29:33,JNJ,,604.0,sell,NYSE
tx_0007407,2025-06-09 10:29:34,MCD,245.49,74.0,buy,
tx_0005329,2025-06-09 10:29:38,DIS,172.97,232.0,buy,NYSE
tx_0002928,2025-06-09 10:29:39,V,214.29,48.0,sell,NYSE
tx_0007434,2025-06-09 10:29:39,PEP,155.0,615.0,buy,NYSE
tx_0000733,2025-06-09 10:29:41,DIS,170.44,414.0,sell,NYSE
tx_0005413,2025-06-09 10:29:51,WMT,133.51,430.0,buy,NYSE
tx_0008363,2025-06-09 10:29:52,PYPL,254.75,892.0,sell,NASDAQ
tx_0004098,2025-06-09 10:29:57,MCD,,593.0,sell,NYSE
tx_0004512,2025-06-09 10:29:58,MA,355.53,907.0,buy,NYSE
tx_0002867,2025-06-09 10:29:58,PEP,153.5,962.0,buy,NYSE
tx_0006470,2025-06-09 10:30:05,NFLX,493.31,170.0,,NASDAQ
tx_0000090,2025-06-09 10:30:08,ADBE,584.55,279.0,sell,NASDAQ
tx_0002060,2025-06-09 10:30:10,NFLX,494.09,909.0,sell,NASDAQ
tx_0004744,2025-06-09 10:30:11,MCD,,841.0,sell,NYSE
tx_0004606,2025-06-09 10:30:11,MCD,242.09,852.0,sell,NYSE
tx_0001661,2025-06-09 10:30:13,NVDA,192.07,715.0,buy,NASDAQ
tx_0003855,2025-06-09 10:30:14,JNJ,168.48,447.0,buy,NYSE
tx_0006085,2025-06-09 10:30:16,MSFT,299.8,853.0,buy,NASDAQ
tx_0004612,2025-06-09 10:30:18,MA,358.91,748.0,buy,NYSE
tx_0008200,2025-06-09 10:30:18,JNJ,167.79,852.0,sell,NYSE
tx_0002660,2025-06-09 10:30:21,V,217.81,465.0,buy,NYSE
tx_0006344,2025-06-09 10:30:25,TSLA,704.49,951.0,buy,NASDAQ
tx_0006136,2025-06-09 10:30:25,MCD,242.79,618.0,buy,NYSE
tx_0002935,2025-06-09 10:30:28,WMT,133.53,279.0,sell,NYSE
tx_0004804,2025-06-09 10:30:29,MCD,241.72,658.0,buy,NYSE
tx_0005514,2025-06-09 10:30:31,TSLA,700.61,202.0,,NASDAQ
tx_0008177,2025-06-09 10:30:33,GOOGL,2851.74,994.0,buy,NASDAQ
tx_0005442,2025-06-09 10:30:34,GOOGL,2804.94,613.0,buy,NASDAQ
tx_0003310,2025-06-09 10:30:36,PYPL,253.38,89.0,buy,NASDAQ
tx_0009004,2025-06-09 10:30:37,GOOGL,2845.92,973.0,sell,NASDAQ
tx_0003296,2025-06-09 10:30:39,MA,356.14,145.0,,NYSE
tx_0007017,2025-06-09 10:30:41,TSLA,709.55,725.0,sell,NASDAQ
tx_0001554,2025-06-09 10:30:47,PEP,154.87,710.0,buy,NYSE
tx_0009488,2025-06-09 10:30:47,DIS,172.43,918.0,sell,NYSE
tx_0004516,2025-06-09 10:30:52,BRK.B,291.79,792.0,sell,NYSE
tx_0003750,2025-06-09 10:30:55,ADBE,591.64,850.0,sell,NASDAQ
tx_0008750,2025-06-09 10:30:58,AAPL,149.67,840.0,buy,NASDAQ
tx_0009329,2025-06-09 10:30:58,AAPL,,456.0,sell,NASDAQ
tx_0000685,2025-06-09 10:30:59,BRK.B,290.53,112.0,sell,NYSE
tx_0006456,2025-06-09 10:31:00,PYPL,254.87,591.0,buy,NASDAQ
tx_0002168,2025-06-09 10:31:00,AMZN,3391.2,495.0,sell,NASDAQ
tx_0001052,2025-06-09 10:31:04,KO,,521.0,buy,NYSE
tx_0006823,2025-06-09 10:31:05,JNJ,167.1,632.0,sell,NYSE
tx_0004488,2025-06-09 10:31:06,DIS,,225.0,buy,NYSE
tx_0009763,2025-06-09 10:31:06,NFLX,498.58,927.0,buy,NASDAQ
tx_0000203,2025-06-09 10:31:06,PYPL,256.31,497.0,sell,NASDAQ
tx_0003049,2025-06-09 10:31:08,GOOGL,2820.29,803.0,sell,NASDAQ
tx_0004459,2025-06-09 10:31:10,KO,54.97,875.0,buy,NYSE
tx_0009788,2025-06-09 10:31:13,WMT,133.68,119.0,buy,NYSE
tx_0004021,2025-06-09 10:31:14,NVDA,193.08,76.0,sell,NASDAQ
tx_0000503,2025-06-09 10:31:26,MSFT,300.77,,sell,NASDAQ
tx_0006962,2025-06-09 10:31:27,NVDA,191.46,109.0,buy,NASDAQ
tx_0003360,2025-06-09 10:31:28,MA,356.11,368.0,sell,NYSE
tx_0003109,2025-06-09 10:31:47,NFLX,494.68,207.0,,NASDAQ
tx_0006188,2025-06-09 10:31:51,MA,355.19,15.0,sell,NYSE
tx_0006548,2025-06-09 10:31:53,DIS,170.59,104.0,buy,NYSE
tx_0000397,2025-06-09 10:31:53,NVDA,192.74,916.0,buy,NASDAQ
tx_0007543,2025-06-09 10:31:59,WMT,133.5,970.0,sell,NYSE
tx_0004485,2025-06-09 10:32:05,V,214.78,812.0,sell,NYSE
tx_0004937,2025-06-09 10:32:06,TSLA,697.19,390.0,sell,NASDAQ
tx_0003279,2025-06-09 10:32:08,AMZN,3362.44,315.0,buy,NASDAQ
tx_0004348,2025-06-09 10:32:16,MA,356.84,61.0,sell,NYSE
tx_0004003,2025-06-09 10:32:21,WMT,133.62,363.0,buy,NYSE
tx_0008921,2025-06-09 10:32:28,KO,54.39,638.0,sell,NYSE
tx_0009871,2025-06-09 10:32:30,MA,353.37,136.0,buy,NYSE
tx_0003046,2025-06-09 10:32:30,ADBE,588.06,938.0,buy,NASDAQ
tx_0009366,2025-06-09 10:32:33,PEP,154.68,463.0,sell,NYSE
tx_0009302,2025-06-09 10:32:33,KO,54.94,821.0,buy,NYSE
tx_0002363,2025-06-09 10:32:34,DIS,171.53,700.0,buy,NYSE
tx_0005704,2025-06-09 10:32:38,V,218.18,600.0,buy,NYSE
tx_0006596,2025-06-09 10:32:44,PG,137.25,895.0,buy,NYSE
tx_0004071,2025-06-09 10:32:47,BRK.B,288.32,637.0,sell,NYSE
tx_0007251,2025-06-09 10:32:51,V,214.99,693.0,buy,NYSE
tx_0006684,2025-06-09 10:32:53,BRK.B,289.86,218.0,buy,NYSE
tx_0003851,2025-06-09 10:32:54,MSFT,,283.0,sell,NASDAQ
tx_0008152,2025-06-09 10:33:01,BRK.B,289.58,966.0,buy,NYSE
tx_0001671,2025-06-09 10:33:03,PYPL,256.9,726.0,buy,NASDAQ
tx_0005630,2025-06-09 10:33:05,NFLX,501.33,285.0,buy,NASDAQ
tx_0000897,2025-06-09 10:33:06,AMZN,3388.54,24.0,sell,NASDAQ
tx_0009482,2025-06-09 10:33:10,MA,354.34,833.0,buy,NYSE
tx_0007977,2025-06-09 10:33:10,MSFT,295.72,515.0,sell,NASDAQ
tx_0000199,2025-06-09 10:33:12,ADBE,588.46,752.0,sell,NASDAQ
tx_0008538,2025-06-09 10:33:17,DIS,172.92,805.0,buy,NYSE
tx_0006534,2025-06-09 10:33:21,BRK.B,289.35,490.0,sell,NYSE
tx_0004063,2025-06-09 10:33:24,JNJ,167.41,28.0,sell,NYSE
tx_0003402,2025-06-09 10:33:24,MSFT,295.93,788.0,sell,NASDAQ
tx_0007124,2025-06-09 10:33:28,V,215.61,887.0,buy,NYSE
tx_0005700,2025-06-09 10:33:29,PEP,154.49,553.0,buy,NYSE
tx_0004060,2025-06-09 10:33:30,MSFT,,606.0,buy,NASDAQ
tx_0002185,2025-06-09 10:33:32,AAPL,149.52,88.0,buy,NASDAQ
tx_0009710,2025-06-09 10:33:32,NVDA,191.25,341.0,buy,NASDAQ
tx_0002399,2025-06-09 10:33:33,MSFT,299.89,,sell,NASDAQ
tx_0007187,2025-06-09 10:33:37,KO,54.75,576.0,buy,NYSE
tx_0006477,2025-06-09 10:33:37,AMZN,3332.48,533.0,sell,NASDAQ
tx_0000130,2025-06-09 10:33:38,TSLA,700.89,807.0,buy,NASDAQ
tx_0007172,2025-06-09 10:33:48,AAPL,148.95,725.0,buy,NASDAQ
tx_0000055,2025-06-09 10:33:50,MCD,240.25,609.0,buy,NYSE
tx_0007013,2025-06-09 10:33:56,GOOGL,2838.76,672.0,sell,NASDAQ
tx_0007352,2025-06-09 10:33:58,FB,329.39,812.0,sell,NASDAQ
tx_0003036,2025-06-09 10:34:01,PYPL,,596.0,buy,NASDAQ
tx_0008936,2025-06-09 10:34:06,GOOGL,2840.49,975.0,buy,NASDAQ
tx_0008621,2025-06-09 10:34:06,NVDA,190.59,475.0,sell,NASDAQ
tx_0003550,2025-06-09 10:34:06,DIS,173.61,744.0,buy,NYSE
tx_0008521,2025-06-09 10:34:09,WMT,134.69,994.0,buy,NYSE
tx_0003451,2025-06-09 10:34:10,KO,54.81,318.0,sell,
tx_0007932,2025-06-09 10:34:11,GOOGL,2833.8,163.0,sell,NASDAQ
tx_0003406,2025-06-09 10:34:12,TSLA,702.2,546.0,sell,NASDAQ
tx_0009342,2025-06-09 10:34:12,GOOGL,2829.59,,sell,NASDAQ
tx_0003194,2025-06-09 10:34:17,PG,139.25,310.0,sell,NYSE
tx_0008701,2025-06-09 10:34:20,MSFT,300.23,870.0,buy,NASDAQ
tx_0006877,2025-06-09 10:34:25,MSFT,299.31,88.0,sell,NASDAQ
tx_0000515,2025-06-09 10:34:34,PYPL,253.78,782.0,sell,NASDAQ
tx_0007237,2025-06-09 10:34:35,GOOGL,2818.33,111.0,buy,NASDAQ
tx_0000755,2025-06-09 10:34:36,MCD,240.84,297.0,sell,NYSE
tx_0008106,2025-06-09 10:34:36,BRK.B,287.39,960.0,sell,NYSE
tx_0007884,2025-06-09 10:34:38,MSFT,301.52,455.0,sell,NASDAQ
tx_0004159,2025-06-09 10:34:44,AMZN,3358.83,910.0,buy,NASDAQ
tx_0005710,2025-06-09 10:34:44,AMZN,3317.87,4.0,sell,NASDAQ
tx_0003110,2025-06-09 10:34:54,JNJ,168.0,5.0,buy,NYSE
tx_0008818,2025-06-09 10:34:56,PEP,155.67,486.0,buy,NYSE
tx_0003400,2025-06-09 10:34:59,KO,54.56,701.0,sell,NYSE
tx_0009793,2025-06-09 10:35:02,TSLA,696.65,671.0,sell,NASDAQ
tx_0001319,2025-06-09 10:35:04,TSLA,695.4,261.0,buy,NASDAQ
tx_0006350,2025-06-09 10:35:05,MCD,239.8,4.0,sell,NYSE
tx_0003795,2025-06-09 10:35:09,V,215.47,817.0,buy,NYSE
tx_0009383,2025-06-09 10:35:10,TSLA,695.68,505.0,sell,NASDAQ
tx_0002766,2025-06-09 10:35:13,FB,330.04,589.0,sell,NASDAQ
tx_0000201,2025-06-09 10:35:20,AAPL,148.23,350.0,sell,NASDAQ
tx_0008262,2025-06-09 10:35:21,GOOGL,2812.12,15.0,buy,NASDAQ
tx_0003915,2025-06-09 10:35:21,BRK.B,285.37,501.0,buy,NYSE
tx_0004472,2025-06-09 10:35:23,ADBE,593.21,501.0,sell,NASDAQ
tx_0004833,2025-06-09 10:35:26,V,215.17,468.0,,NYSE
tx_0008802,2025-06-09 10:35:29,MA,355.09,857.0,sell,NYSE
tx_0001584,2025-06-09 10:35:32,PG,139.52,248.0,buy,NYSE
tx_0001558,2025-06-09 10:35:37,NFLX,502.31,956.0,buy,NASDAQ
tx_0002606,2025-06-09 10:35:37,MA,357.21,562.0,sell,NYSE
tx_0009830,2025-06-09 10:35:42,AMZN,3389.73,324.0,sell,NASDAQ
tx_0006889,2025-06-09 10:35:44,AMZN,3386.52,287.0,sell,NASDAQ
tx_0003259,2025-06-09 10:35:44,WMT,134.39,558.0,sell,NYSE
tx_0007034,2025-06-09 10:35:45,PG,137.95,384.0,buy,NYSE
tx_0008066,2025-06-09 10:35:46,NVDA,192.89,24.0,sell,NASDAQ
tx_0000725,2025-06-09 10:35:48,PG,138.72,116.0,buy,NYSE
tx_0005386,2025-06-09 10:35:52,GOOGL,,538.0,sell,NASDAQ
tx_0000888,2025-06-09 10:35:52,PG,138.51,537.0,buy,NYSE
tx_0006781,2025-06-09 10:35:52,JNJ,169.33,480.0,sell,NYSE
tx_0005672,2025-06-09 10:35:54,ADBE,598.89,281.0,sell,NASDAQ
tx_0008420,2025-06-09 10:35:59,AAPL,149.9,938.0,sell,NASDAQ
tx_0005469,2025-06-09 10:36:01,JNJ,167.99,559.0,buy,NYSE
tx_0002331,2025-06-09 10:36:05,PG,136.99,469.0,buy,NYSE
tx_0004513,2025-06-09 10:36:06,AMZN,3344.12,224.0,sell,NASDAQ
tx_0005501,2025-06-09 10:36:09,AAPL,150.41,557.0,buy,NASDAQ
tx_0007012,2025-06-09 10:36:17,PYPL,255.96,97.0,sell,NASDAQ
tx_0003890,2025-06-09 10:36:22,AAPL,149.94,64.0,sell,NASDAQ
tx_0009043,2025-06-09 10:36:23,AMZN,3356.66,745.0,sell,NASDAQ
tx_0008174,2025-06-09 10:36:24,PYPL,251.25,801.0,sell,NASDAQ
tx_0001103,2025-06-09 10:36:37,FB,,36.0,,NASDAQ
tx_0003676,2025-06-09 10:36:38,AMZN,3347.47,864.0,buy,NASDAQ
tx_0007964,2025-06-09 10:36:39,AMZN,3385.39,311.0,sell,NASDAQ
tx_0008628,2025-06-09 10:36:43,JNJ,169.04,646.0,buy,NYSE
tx_0003767,2025-06-09 10:36:47,JNJ,168.82,312.0,buy,NYSE
tx_0000259,2025-06-09 10:36:49,GOOGL,2842.21,431.0,sell,NASDAQ
tx_0003790,2025-06-09 10:36:53,AAPL,148.52,661.0,sell,NASDAQ
tx_0008046,2025-06-09 10:36:54,DIS,171.23,927.0,buy,NYSE
tx_0009236,2025-06-09 10:36:55,GOOGL,2825.09,876.0,buy,NASDAQ
tx_0004306,2025-06-09 10:36:57,DIS,171.79,159.0,sell,NYSE
tx_0003066,2025-06-09 10:36:57,DIS,171.96,528.0,buy,NYSE
tx_0007194,2025-06-09 10:37:01,NVDA,191.15,784.0,sell,NASDAQ
tx_0001032,2025-06-09 10:37:01,PEP,152.22,931.0,buy,NYSE
tx_0009924,2025-06-09 10:37:01,GOOGL,,288.0,sell,NASDAQ
tx_0007940,2025-06-09 10:37:01,AMZN,3375.84,945.0,sell,NASDAQ
tx_0006371,2025-06-09 10:37:04,GOOGL,2842.76,507.0,sell,NASDAQ
tx_0007487,2025-06-09 10:37:12,AMZN,3350.13,468.0,buy,NASDAQ
tx_0006775,2025-06-09 10:37:14,PYPL,251.78,908.0,buy,NASDAQ
tx_0005284,2025-06-09 10:37:18,FB,330.9,928.0,sell,NASDAQ
tx_0007967,2025-06-09 10:37:24,WMT,135.08,878.0,buy,NYSE
tx_0008570,2025-06-09 10:37:25,TSLA,693.94,244.0,sell,NASDAQ
tx_0009595,2025-06-09 10:37:25,JNJ,167.39,621.0,buy,NYSE
tx_0004017,2025-06-09 10:37:26,WMT,135.43,833.0,buy,NYSE
tx_0007229,2025-06-09 10:37:30,DIS,172.94,839.0,sell,NYSE
tx_0004210,2025-06-09 10:37:35,FB,332.79,351.0,sell,NASDAQ
tx_0005277,2025-06-09 10:37:36,TSLA,697.99,,buy,NASDAQ
tx_0004053,2025-06-09 10:37:36,TSLA,693.01,497.0,sell,NASDAQ
tx_0001850,2025-06-09 10:37:37,KO,55.85,98.0,buy,NYSE
tx_0001419,2025-06-09 10:37:41,GOOGL,2858.64,653.0,sell,NASDAQ
tx_0000735,2025-06-09 10:37:46,MCD,241.57,327.0,sell,NYSE
tx_0008270,2025-06-09 10:37:49,PYPL,253.28,930.0,sell,NASDAQ
tx_0004759,2025-06-09 10:37:49,NVDA,191.52,905.0,buy,NASDAQ
tx_0005876,2025-06-09 10:37:51,NVDA,191.92,901.0,buy,NASDAQ
tx_0002345,2025-06-09 10:37:51,PG,137.55,132.0,buy,NYSE
tx_0000416,2025-06-09 10:37:56,ADBE,589.88,914.0,buy,NASDAQ
tx_0003239,2025-06-09 10:37:57,AAPL,149.05,511.0,sell,NASDAQ
tx_0005562,2025-06-09 10:37:57,ADBE,593.57,701.0,sell,NASDAQ
tx_0001998,2025-06-09 10:37:58,DIS,171.01,688.0,buy,NYSE
tx_0000005,2025-06-09 10:37:59,KO,55.95,209.0,buy,NYSE
tx_0009596,2025-06-09 10:37:59,PG,137.64,239.0,sell,NYSE
tx_0005880,2025-06-09 10:38:01,ADBE,587.41,552.0,sell,NASDAQ
tx_0003253,2025-06-09 10:38:04,AMZN,3373.53,865.0,sell,NASDAQ
tx_0002546,2025-06-09 10:38:05,AAPL,149.4,55.0,buy,NASDAQ
