transaction_id,timestamp,stock_symbol,price,quantity,order_type,exchange
tx_0006931,2025-06-20 09:30:02,PG,139.11,582,buy,NYSE
tx_0000570,2025-06-20 09:30:05,ADBE,602.47,751,sell,NASDAQ
tx_0007801,2025-06-20 09:30:09,WMT,140.84,859,buy,NYSE
tx_0006052,2025-06-20 09:30:10,NVDA,199.55,950,buy,NASDAQ
tx_0009033,2025-06-20 09:30:16,FB,331.27,406,sell,NASDAQ
tx_0003559,2025-06-20 09:30:21,BRK.B,280.77,276,sell,NYSE
tx_0005771,2025-06-20 09:30:21,PEP,148.87,655,sell,NYSE
tx_0006714,2025-06-20 09:30:28,FB,330.11,237,,NASDAQ
tx_0008824,2025-06-20 09:30:32,FB,326.96,875,buy,NASDAQ
tx_0007528,2025-06-20 09:30:37,WMT,139.09,549,sell,NYSE
tx_0003404,2025-06-20 09:30:41,JNJ,170.54,907,buy,NYSE
tx_0009699,2025-06-20 09:30:43,JNJ,169.91,573,sell,NYSE
tx_0001039,2025-06-20 09:30:46,DIS,181.11,866,buy,NYSE
tx_0009743,2025-06-20 09:30:47,ADBE,601.89,430,buy,NASDAQ
tx_0007005,2025-06-20 09:30:49,NVDA,198.31,929,sell,NASDAQ
tx_0002699,2025-06-20 09:30:49,PEP,150.29,270,buy,NYSE
tx_0007609,2025-06-20 09:30:51,KO,54.66,562,buy,NYSE
tx_0003259,2025-06-20 09:30:56,MSFT,300.88,531,sell,NASDAQ
tx_0004523,2025-06-20 09:30:57,PYPL,251.52,398,buy,NASDAQ
tx_0007348,2025-06-20 09:30:58,BRK.B,279.6,513,buy,NYSE
tx_0001982,2025-06-20 09:31:04,WMT,139.25,983,sell,NYSE
tx_0003050,2025-06-20 09:31:05,AAPL,149.45,690,buy,NASDAQ
tx_0008598,2025-06-20 09:31:14,GOOGL,2811.44,586,sell,NASDAQ
tx_0008891,2025-06-20 09:31:15,PYPL,248.45,644,sell,NASDAQ
tx_0009077,2025-06-20 09:31:15,V,219.1,367,sell,NYSE
tx_0005208,2025-06-20 09:31:18,JNJ,169.25,723,sell,NYSE
tx_0000662,2025-06-20 09:31:22,AMZN,3519.72,823,sell,NASDAQ
tx_0001795,2025-06-20 09:31:23,AMZN,3517.7,440,buy,NASDAQ
tx_0003731,2025-06-20 09:31:29,MCD,252.98,539,buy,NYSE
tx_0001471,2025-06-20 09:31:31,V,221.63,899,buy,NYSE
tx_0002476,2025-06-20 09:31:32,GOOGL,2830.83,255,buy,NASDAQ
tx_0001659,2025-06-20 09:31:35,MSFT,297.57,890,buy,NASDAQ
tx_0001747,2025-06-20 09:31:38,V,,288,buy,NYSE
tx_0008415,2025-06-20 09:31:39,V,220.33,427,sell,NYSE
tx_0006248,2025-06-20 09:31:40,MCD,248.66,790,sell,NYSE
tx_0001104,2025-06-20 09:31:40,AMZN,3445.47,261,sell,NASDAQ
tx_0008683,2025-06-20 09:31:42,TSLA,707.74,132,buy,NASDAQ
tx_0007298,2025-06-20 09:31:43,V,218.5,476,buy,NYSE
tx_0004663,2025-06-20 09:31:43,TSLA,696.2,500,sell,NASDAQ
tx_0002488,2025-06-20 09:31:44,AMZN,3480.46,191,buy,NASDAQ
tx_0005295,2025-06-20 09:31:44,NFLX,501.02,639,buy,NASDAQ
tx_0005418,2025-06-20 09:31:47,PYPL,250.72,684,buy,NASDAQ
tx_0008455,2025-06-20 09:31:49,GOOGL,2819.85,693,buy,NASDAQ
tx_0008959,2025-06-20 09:31:49,MSFT,296.86,728,sell,NASDAQ
tx_0003867,2025-06-20 09:31:51,JNJ,170.22,521,sell,NYSE
tx_0005519,2025-06-20 09:31:51,V,219.38,371,sell,NYSE
tx_0003025,2025-06-20 09:31:53,DIS,181.56,659,buy,NYSE
tx_0006885,2025-06-20 09:32:00,PG,142.14,509,buy,NYSE
tx_0003361,2025-06-20 09:32:01,PYPL,251.81,380,buy,NASDAQ
tx_0008029,2025-06-20 09:32:02,AMZN,,390,sell,NASDAQ
tx_0004741,2025-06-20 09:32:03,AMZN,3484.78,929,sell,NASDAQ
tx_0000693,2025-06-20 09:32:09,MSFT,297.34,765,sell,NASDAQ
tx_0007682,2025-06-20 09:32:13,ADBE,602.62,465,sell,NASDAQ
tx_0007202,2025-06-20 09:32:14,PYPL,253.26,851,buy,NASDAQ
tx_0006725,2025-06-20 09:32:16,AMZN,3441.53,152,buy,NASDAQ
tx_0001177,2025-06-20 09:32:20,NVDA,199.71,228,buy,NASDAQ
tx_0004903,2025-06-20 09:32:21,V,220.8,371,buy,NYSE
tx_0009949,2025-06-20 09:32:23,FB,327.05,647,,NASDAQ
tx_0002110,2025-06-20 09:32:26,PEP,149.74,914,sell,NYSE
tx_0004182,2025-06-20 09:32:27,KO,54.84,190,buy,NYSE
tx_0007206,2025-06-20 09:32:32,NVDA,199.11,665,sell,NASDAQ
tx_0006041,2025-06-20 09:32:33,WMT,140.6,511,buy,NYSE
tx_0004872,2025-06-20 09:32:35,ADBE,592.17,334,buy,NASDAQ
tx_0007583,2025-06-20 09:32:42,TSLA,700.82,456,buy,NASDAQ
tx_0007277,2025-06-20 09:32:42,JNJ,170.35,634,buy,NYSE
tx_0004470,2025-06-20 09:32:43,JNJ,169.59,467,sell,NYSE
tx_0009610,2025-06-20 09:32:44,PYPL,249.24,332,buy,NASDAQ
tx_0008968,2025-06-20 09:32:44,FB,327.18,152,sell,NASDAQ
tx_0003119,2025-06-20 09:32:50,NFLX,504.16,836,sell,NASDAQ
tx_0002626,2025-06-20 09:32:50,TSLA,705.74,769,sell,NASDAQ
tx_0002890,2025-06-20 09:32:52,PEP,150.52,121,buy,NYSE
tx_0000995,2025-06-20 09:32:58,KO,54.57,809,sell,NYSE
tx_0005535,2025-06-20 09:32:58,WMT,140.9,127,sell,NYSE
tx_0004055,2025-06-20 09:33:02,JNJ,168.75,270,buy,NYSE
tx_0000020,2025-06-20 09:33:06,AMZN,3500.2,876,buy,NASDAQ
tx_0002845,2025-06-20 09:33:07,MA,350.77,741,buy,NYSE
tx_0008463,2025-06-20 09:33:09,TSLA,706.39,296,buy,NASDAQ
tx_0001778,2025-06-20 09:33:11,MSFT,298.57,462,buy,NASDAQ
tx_0006027,2025-06-20 09:33:17,MA,353.61,662,sell,NYSE
tx_0002165,2025-06-20 09:33:17,KO,55.26,925,buy,NYSE
tx_0002961,2025-06-20 09:33:20,WMT,138.79,948,sell,NYSE
tx_0009654,2025-06-20 09:33:21,JNJ,168.34,430,sell,NYSE
tx_0000806,2025-06-20 09:33:21,KO,55.14,639,sell,
tx_0001038,2025-06-20 09:33:25,GOOGL,2829.43,424,sell,NASDAQ
tx_0006721,2025-06-20 09:33:25,FB,327.07,603,sell,NASDAQ
tx_0004907,2025-06-20 09:33:30,MSFT,302.06,436,sell,NASDAQ
tx_0005518,2025-06-20 09:33:30,ADBE,599.0,803,sell,NASDAQ
tx_0006138,2025-06-20 09:33:33,MSFT,300.93,122,sell,NASDAQ
tx_0006866,2025-06-20 09:33:33,NFLX,496.84,969,buy,NASDAQ
tx_0002065,2025-06-20 09:33:34,JNJ,169.15,634,buy,NYSE
tx_0006243,2025-06-20 09:33:38,MSFT,300.93,773,buy,NASDAQ
tx_0007813,2025-06-20 09:33:41,MSFT,295.85,588,buy,NASDAQ
tx_0009348,2025-06-20 09:33:43,JNJ,168.87,548,buy,NYSE
tx_0004732,2025-06-20 09:33:43,KO,54.44,696,sell,NYSE
tx_0009561,2025-06-20 09:33:45,V,217.84,127,sell,NYSE
tx_0002093,2025-06-20 09:33:46,V,220.71,361,buy,NYSE
tx_0005834,2025-06-20 09:33:46,ADBE,598.52,407,buy,NASDAQ
tx_0005672,2025-06-20 09:33:49,V,216.72,288,buy,NYSE
tx_0007922,2025-06-20 09:33:53,JNJ,170.75,243,sell,NYSE
tx_0006602,2025-06-20 09:33:55,TSLA,701.18,161,buy,NASDAQ
tx_0003687,2025-06-20 09:33:58,TSLA,690.28,589,buy,NASDAQ
tx_0000541,2025-06-20 09:34:03,GOOGL,2850.22,389,buy,NASDAQ
tx_0002942,2025-06-20 09:34:06,GOOGL,2847.98,901,sell,NASDAQ
tx_0007276,2025-06-20 09:34:06,NVDA,198.45,471,sell,NASDAQ
tx_0002583,2025-06-20 09:34:11,DIS,182.37,864,buy,NYSE
tx_0002656,2025-06-20 09:34:11,BRK.B,276.84,944,sell,NYSE
tx_0008768,2025-06-20 09:34:12,AAPL,151.83,457,sell,NASDAQ
tx_0006131,2025-06-20 09:34:15,V,218.35,698,buy,NYSE
tx_0006207,2025-06-20 09:34:16,PYPL,251.41,499,sell,NASDAQ
tx_0009082,2025-06-20 09:34:17,PEP,151.44,700,buy,NYSE
tx_0001626,2025-06-20 09:34:20,BRK.B,281.76,695,sell,NYSE
tx_0005688,2025-06-20 09:34:23,TSLA,698.27,671,buy,NASDAQ
tx_0009607,2025-06-20 09:34:24,PEP,152.23,527,buy,NYSE
tx_0006778,2025-06-20 09:34:27,MSFT,298.05,816,sell,NASDAQ
tx_0000069,2025-06-20 09:34:29,FB,328.76,795,sell,NASDAQ
tx_0005185,2025-06-20 09:34:29,WMT,140.64,824,buy,NYSE
tx_0008795,2025-06-20 09:34:31,ADBE,598.59,193,sell,NASDAQ
tx_0003094,2025-06-20 09:34:31,MA,351.82,604,buy,NYSE
tx_0007738,2025-06-20 09:34:33,PG,140.1,885,sell,NYSE
tx_0001180,2025-06-20 09:34:33,DIS,181.99,991,sell,NYSE
tx_0000843,2025-06-20 09:34:38,MA,356.5,419,sell,NYSE
tx_0000895,2025-06-20 09:34:39,FB,331.47,697,sell,NASDAQ
tx_0004265,2025-06-20 09:34:42,AMZN,3493.2,575,sell,NASDAQ
tx_0006854,2025-06-20 09:34:44,TSLA,696.5,301,buy,NASDAQ
tx_0000633,2025-06-20 09:34:46,PYPL,253.98,701,sell,NASDAQ
tx_0004030,2025-06-20 09:34:46,GOOGL,2821.05,859,buy,NASDAQ
tx_0007869,2025-06-20 09:34:54,ADBE,595.88,251,sell,NASDAQ
tx_0003918,2025-06-20 09:35:01,KO,55.33,400,buy,NYSE
tx_0003138,2025-06-20 09:35:02,GOOGL,2815.0,634,sell,NASDAQ
tx_0003593,2025-06-20 09:35:04,AAPL,151.78,370,sell,NASDAQ
tx_0007565,2025-06-20 09:35:05,BRK.B,280.92,147,buy,NYSE
tx_0003617,2025-06-20 09:35:09,DIS,183.91,297,buy,NYSE
tx_0008461,2025-06-20 09:35:12,PG,140.86,482,buy,NYSE
tx_0009275,2025-06-20 09:35:12,WMT,140.09,164,sell,NYSE
tx_0001411,2025-06-20 09:35:17,NVDA,198.5,138,sell,NASDAQ
tx_0001034,2025-06-20 09:35:17,ADBE,606.66,125,buy,NASDAQ
tx_0005567,2025-06-20 09:35:23,NFLX,499.71,858,buy,NASDAQ
tx_0000135,2025-06-20 09:35:24,V,219.94,194,buy,NYSE
tx_0001496,2025-06-20 09:35:24,PYPL,,975,sell,NASDAQ
tx_0008416,2025-06-20 09:35:24,AAPL,149.63,812,sell,NASDAQ
tx_0006287,2025-06-20 09:35:31,AAPL,152.78,154,sell,NASDAQ
tx_0006882,2025-06-20 09:35:37,KO,54.57,681,sell,NYSE
tx_0007502,2025-06-20 09:35:43,MCD,250.44,299,buy,NYSE
tx_0008879,2025-06-20 09:35:44,PYPL,250.71,920,sell,
tx_0003639,2025-06-20 09:35:45,AAPL,151.93,906,sell,NASDAQ
tx_0001943,2025-06-20 09:35:45,KO,54.94,511,buy,NYSE
tx_0000619,2025-06-20 09:35:51,NFLX,503.89,446,sell,NASDAQ
tx_0003318,2025-06-20 09:35:57,PG,141.92,215,sell,NYSE
tx_0003796,2025-06-20 09:36:06,PYPL,255.26,562,sell,NASDAQ
tx_0000886,2025-06-20 09:36:09,ADBE,607.77,745,buy,NASDAQ
tx_0004197,2025-06-20 09:36:10,GOOGL,2809.39,713,buy,NASDAQ
tx_0008386,2025-06-20 09:36:11,JNJ,170.24,325,buy,NYSE
tx_0009145,2025-06-20 09:36:13,JNJ,170.3,755,buy,NYSE
tx_0001760,2025-06-20 09:36:17,MA,355.76,654,sell,NYSE
tx_0007800,2025-06-20 09:36:17,KO,54.07,987,buy,NYSE
tx_0006346,2025-06-20 09:36:18,MCD,249.9,178,buy,NYSE
tx_0004221,2025-06-20 09:36:21,PEP,153.7,626,sell,NYSE
tx_0009311,2025-06-20 09:36:27,NVDA,199.45,612,buy,NASDAQ
tx_0002372,2025-06-20 09:36:30,AMZN,3515.84,712,buy,NASDAQ
tx_0003877,2025-06-20 09:36:31,BRK.B,277.1,729,buy,NYSE
tx_0009215,2025-06-20 09:36:34,PEP,152.7,548,sell,NYSE
tx_0004056,2025-06-20 09:36:35,PEP,153.75,818,buy,NYSE
tx_0000545,2025-06-20 09:36:39,TSLA,692.11,373,sell,NASDAQ
tx_0002807,2025-06-20 09:36:40,WMT,139.39,202,sell,NYSE
tx_0001005,2025-06-20 09:36:48,NVDA,201.7,271,buy,NASDAQ
tx_0007601,2025-06-20 09:36:53,KO,54.66,442,sell,NYSE
tx_0005127,2025-06-20 09:36:55,GOOGL,2811.28,426,buy,NASDAQ
tx_0009827,2025-06-20 09:36:58,PYPL,251.16,906,buy,NASDAQ
tx_0005625,2025-06-20 09:37:00,GOOGL,2805.41,318,buy,NASDAQ
tx_0003096,2025-06-20 09:37:00,KO,54.08,572,buy,NYSE
tx_0007053,2025-06-20 09:37:01,GOOGL,2826.24,465,buy,NASDAQ
tx_0002248,2025-06-20 09:37:04,AMZN,3485.13,747,sell,NASDAQ
tx_0000151,2025-06-20 09:37:05,MA,352.77,716,buy,NYSE
tx_0006003,2025-06-20 09:37:08,KO,53.87,834,sell,NYSE
tx_0001489,2025-06-20 09:37:09,GOOGL,2796.12,422,buy,NASDAQ
tx_0005624,2025-06-20 09:37:17,AMZN,3531.33,322,buy,NASDAQ
tx_0009993,2025-06-20 09:37:19,MA,352.76,141,buy,
tx_0005321,2025-06-20 09:37:22,WMT,140.77,388,buy,NYSE
tx_0009462,2025-06-20 09:37:26,WMT,138.87,214,buy,NYSE
tx_0006728,2025-06-20 09:37:26,BRK.B,277.94,680,sell,NYSE
tx_0004880,2025-06-20 09:37:26,NFLX,499.38,856,sell,NASDAQ
tx_0001705,2025-06-20 09:37:28,NVDA,198.87,934,sell,NASDAQ
tx_0002704,2025-06-20 09:37:35,FB,329.12,437,sell,NASDAQ
tx_0006005,2025-06-20 09:37:35,AAPL,148.96,349,buy,NASDAQ
tx_0009627,2025-06-20 09:37:36,BRK.B,283.54,140,sell,NYSE
tx_0003645,2025-06-20 09:37:38,PYPL,251.58,741,buy,NASDAQ
tx_0007758,2025-06-20 09:37:39,FB,332.76,976,buy,NASDAQ
tx_0005753,2025-06-20 09:37:40,NFLX,496.93,859,sell,NASDAQ
tx_0003430,2025-06-20 09:37:42,PG,141.5,548,sell,NYSE
tx_0002880,2025-06-20 09:37:50,BRK.B,279.0,732,buy,NYSE
tx_0002487,2025-06-20 09:37:53,BRK.B,279.22,337,sell,NYSE
tx_0005843,2025-06-20 09:38:01,WMT,141.36,319,buy,NYSE
tx_0009909,2025-06-20 09:38:03,DIS,182.2,342,sell,NYSE
tx_0006103,2025-06-20 09:38:04,MCD,246.09,930,sell,NYSE
tx_0007627,2025-06-20 09:38:11,GOOGL,2822.25,337,buy,NASDAQ
tx_0002139,2025-06-20 09:38:20,JNJ,171.16,221,sell,NYSE
tx_0005917,2025-06-20 09:38:21,MA,353.2,425,sell,NYSE
tx_0005479,2025-06-20 09:38:25,MSFT,299.71,926,buy,NASDAQ
tx_0009278,2025-06-20 09:38:29,PYPL,254.46,969,sell,NASDAQ
tx_0007372,2025-06-20 09:38:32,KO,53.91,169,buy,NYSE
tx_0006529,2025-06-20 09:38:32,PYPL,255.78,609,sell,NASDAQ
tx_0003977,2025-06-20 09:38:33,PYPL,253.74,634,buy,NASDAQ
tx_0006707,2025-06-20 09:38:39,AMZN,3477.2,674,buy,NASDAQ
tx_0003765,2025-06-20 09:38:40,MCD,247.06,246,buy,NYSE
tx_0008411,2025-06-20 09:38:40,GOOGL,2842.16,483,buy,NASDAQ
tx_0008212,2025-06-20 09:38:43,TSLA,689.69,246,buy,NASDAQ
tx_0001322,2025-06-20 09:38:44,TSLA,698.41,584,sell,NASDAQ
tx_0004878,2025-06-20 09:38:47,ADBE,601.89,927,sell,NASDAQ
tx_0006500,2025-06-20 09:38:48,NVDA,197.43,760,sell,NASDAQ
tx_0005949,2025-06-20 09:38:49,DIS,183.31,419,sell,NYSE
tx_0004316,2025-06-20 09:38:53,WMT,141.06,325,buy,NYSE
tx_0007954,2025-06-20 09:38:54,MCD,245.72,350,sell,NYSE
tx_0009757,2025-06-20 09:38:56,AAPL,150.21,853,buy,NASDAQ
tx_0005919,2025-06-20 09:38:59,V,220.62,316,sell,NYSE
tx_0004994,2025-06-20 09:39:01,PG,141.87,285,sell,NYSE
tx_0006220,2025-06-20 09:39:07,MSFT,296.32,562,buy,NASDAQ
tx_0005306,2025-06-20 09:39:08,AMZN,3499.8,707,buy,NASDAQ
tx_0005951,2025-06-20 09:39:16,KO,54.42,121,buy,NYSE
tx_0003409,2025-06-20 09:39:16,FB,329.73,472,buy,NASDAQ
tx_0002810,2025-06-20 09:39:19,TSLA,697.36,118,sell,NASDAQ
tx_0009485,2025-06-20 09:39:20,AMZN,3460.71,997,buy,NASDAQ
tx_0002407,2025-06-20 09:39:24,ADBE,607.95,992,sell,NASDAQ
tx_0001742,2025-06-20 09:39:25,PG,142.27,714,buy,NYSE
tx_0004991,2025-06-20 09:39:26,V,221.36,572,sell,NYSE
tx_0003236,2025-06-20 09:39:29,WMT,139.36,851,sell,NYSE
tx_0005504,2025-06-20 09:39:29,JNJ,169.85,213,buy,NYSE
tx_0004465,2025-06-20 09:39:29,PYPL,254.16,575,sell,NASDAQ
tx_0002618,2025-06-20 09:39:35,ADBE,604.75,805,buy,NASDAQ
tx_0000567,2025-06-20 09:39:37,V,218.91,273,sell,NYSE
tx_0007589,2025-06-20 09:39:38,NFLX,506.05,340,sell,NASDAQ
tx_0005035,2025-06-20 09:39:40,WMT,141.11,615,buy,NYSE
tx_0005614,2025-06-20 09:39:49,BRK.B,279.33,480,buy,NYSE
tx_0002832,2025-06-20 09:39:51,FB,333.03,566,sell,NASDAQ
tx_0001958,2025-06-20 09:39:56,MCD,249.47,318,sell,NYSE
tx_0009415,2025-06-20 09:39:57,GOOGL,2832.56,591,sell,NASDAQ
tx_0001013,2025-06-20 09:39:57,V,218.79,390,sell,NYSE
tx_0003204,2025-06-20 09:40:00,MA,348.46,274,buy,NYSE
tx_0005962,2025-06-20 09:40:00,FB,335.97,590,buy,NASDAQ
tx_0009818,2025-06-20 09:40:07,NFLX,502.94,894,sell,NASDAQ
tx_0004314,2025-06-20 09:40:07,TSLA,692.19,748,sell,NASDAQ
tx_0009536,2025-06-20 09:40:07,AAPL,152.52,749,buy,NASDAQ
tx_0005281,2025-06-20 09:40:11,WMT,139.84,324,sell,NYSE
tx_0005781,2025-06-20 09:40:13,PYPL,253.49,243,buy,NASDAQ
tx_0008950,2025-06-20 09:40:17,PG,142.54,671,buy,NYSE
tx_0006843,2025-06-20 09:40:18,NFLX,502.93,981,buy,NASDAQ
tx_0008833,2025-06-20 09:40:18,NVDA,197.11,756,sell,NASDAQ
tx_0001197,2025-06-20 09:40:19,GOOGL,2793.38,456,sell,NASDAQ
tx_0008722,2025-06-20 09:40:20,NFLX,503.51,269,sell,NASDAQ
tx_0008698,2025-06-20 09:40:27,FB,332.34,517,buy,NASDAQ
tx_0008096,2025-06-20 09:40:28,PG,141.37,954,sell,NYSE
tx_0006501,2025-06-20 09:40:28,PEP,153.21,266,sell,NYSE
tx_0009470,2025-06-20 09:40:30,GOOGL,2826.1,953,buy,NASDAQ
tx_0001703,2025-06-20 09:40:37,WMT,141.9,643,buy,NYSE
tx_0004559,2025-06-20 09:40:46,V,218.53,946,buy,NYSE
tx_0000993,2025-06-20 09:40:48,NFLX,499.67,979,sell,NASDAQ
tx_0001663,2025-06-20 09:40:49,NVDA,196.82,951,sell,NASDAQ
tx_0004089,2025-06-20 09:40:52,TSLA,684.04,129,buy,NASDAQ
tx_0002808,2025-06-20 09:40:54,WMT,141.85,458,sell,NYSE
tx_0004412,2025-06-20 09:41:03,MA,354.87,618,,NYSE
tx_0005608,2025-06-20 09:41:13,KO,54.36,346,sell,NYSE
tx_0008583,2025-06-20 09:41:15,KO,53.8,656,buy,NYSE
tx_0003151,2025-06-20 09:41:21,TSLA,693.58,281,sell,NASDAQ
tx_0000169,2025-06-20 09:41:21,PEP,152.68,294,sell,NYSE
tx_0007351,2025-06-20 09:41:22,PEP,152.57,868,buy,NYSE
tx_0006551,2025-06-20 09:41:22,FB,337.01,423,buy,NASDAQ
tx_0004002,2025-06-20 09:41:22,ADBE,,466,buy,NASDAQ
tx_0001797,2025-06-20 09:41:28,ADBE,605.35,385,buy,NASDAQ
tx_0005977,2025-06-20 09:41:29,WMT,141.38,878,sell,NYSE
tx_0000031,2025-06-20 09:41:32,NFLX,506.05,237,sell,NASDAQ
tx_0009613,2025-06-20 09:41:32,WMT,141.05,199,buy,NYSE
tx_0000047,2025-06-20 09:41:43,AAPL,149.57,760,buy,NASDAQ
tx_0000932,2025-06-20 09:41:55,FB,333.96,407,sell,NASDAQ
tx_0000074,2025-06-20 09:41:55,TSLA,686.6,868,buy,NASDAQ
tx_0007732,2025-06-20 09:41:55,NVDA,197.54,509,buy,NASDAQ
tx_0005900,2025-06-20 09:41:57,NVDA,197.05,681,sell,NASDAQ
tx_0001380,2025-06-20 09:41:58,MA,349.26,593,buy,NYSE
tx_0005280,2025-06-20 09:42:03,KO,54.36,879,sell,NYSE
tx_0006316,2025-06-20 09:42:03,PG,141.29,620,sell,NYSE
tx_0002201,2025-06-20 09:42:09,ADBE,605.2,302,buy,NASDAQ
tx_0002190,2025-06-20 09:42:14,PYPL,258.38,328,buy,NASDAQ
tx_0002355,2025-06-20 09:42:19,JNJ,171.35,701,sell,
tx_0004556,2025-06-20 09:42:20,MSFT,299.51,133,buy,NASDAQ
tx_0003052,2025-06-20 09:42:21,FB,334.94,587,buy,NASDAQ
tx_0007331,2025-06-20 09:42:21,PYPL,254.78,792,sell,NASDAQ
tx_0006403,2025-06-20 09:42:22,FB,333.62,942,buy,NASDAQ
tx_0004158,2025-06-20 09:42:22,AAPL,151.28,362,buy,NASDAQ
tx_0000838,2025-06-20 09:42:24,PYPL,257.07,208,buy,NASDAQ
tx_0005708,2025-06-20 09:42:25,AMZN,3515.56,451,buy,NASDAQ
tx_0001889,2025-06-20 09:42:27,MA,347.64,482,sell,NYSE
tx_0007490,2025-06-20 09:42:27,MA,354.26,874,buy,NYSE
tx_0003335,2025-06-20 09:42:36,MCD,250.48,494,buy,NYSE
tx_0002380,2025-06-20 09:42:38,KO,53.98,769,sell,NYSE
tx_0007730,2025-06-20 09:42:45,PEP,153.53,236,sell,NYSE
tx_0003541,2025-06-20 09:42:46,AMZN,3485.98,148,buy,NASDAQ
tx_0001891,2025-06-20 09:42:48,MSFT,298.71,567,sell,NASDAQ
tx_0002556,2025-06-20 09:42:52,MA,348.36,612,sell,NYSE
tx_0003048,2025-06-20 09:42:54,WMT,140.3,830,sell,NYSE
tx_0000322,2025-06-20 09:42:55,V,218.78,924,sell,NYSE
tx_0007711,2025-06-20 09:42:59,GOOGL,2815.08,109,sell,NASDAQ
tx_0009049,2025-06-20 09:43:11,PEP,153.9,944,sell,NYSE
tx_0000535,2025-06-20 09:43:23,AMZN,3512.79,946,buy,NASDAQ
tx_0002692,2025-06-20 09:43:26,AAPL,149.71,647,buy,NASDAQ
tx_0003372,2025-06-20 09:43:27,MA,353.11,660,buy,NYSE
tx_0000329,2025-06-20 09:43:33,MSFT,297.69,465,buy,NASDAQ
tx_0009099,2025-06-20 09:43:36,WMT,139.39,240,sell,NYSE
tx_0007858,2025-06-20 09:43:37,TSLA,694.85,473,buy,NASDAQ
tx_0007125,2025-06-20 09:43:39,MSFT,298.15,1000,buy,NASDAQ
tx_0001362,2025-06-20 09:43:42,GOOGL,2784.3,204,buy,NASDAQ
tx_0006488,2025-06-20 09:43:49,WMT,140.29,346,sell,NYSE
tx_0000213,2025-06-20 09:43:51,FB,338.58,868,buy,NASDAQ
tx_0003644,2025-06-20 09:43:55,FB,339.09,780,sell,NASDAQ
tx_0008513,2025-06-20 09:43:56,MCD,248.48,342,buy,NYSE
tx_0002635,2025-06-20 09:43:59,DIS,184.42,860,buy,NYSE
tx_0005356,2025-06-20 09:44:02,NFLX,495.57,768,buy,NASDAQ
tx_0006036,2025-06-20 09:44:03,NFLX,503.05,771,buy,NASDAQ
tx_0000060,2025-06-20 09:44:09,MA,353.98,439,buy,NYSE
tx_0001588,2025-06-20 09:44:11,WMT,139.67,801,buy,NYSE
tx_0008882,2025-06-20 09:44:11,NVDA,195.14,510,sell,NASDAQ
tx_0003585,2025-06-20 09:44:11,DIS,184.18,898,sell,NYSE
tx_0009214,2025-06-20 09:44:12,MCD,248.85,572,buy,NYSE
tx_0007990,2025-06-20 09:44:12,PYPL,258.8,244,sell,NASDAQ
tx_0004876,2025-06-20 09:44:13,DIS,184.03,731,buy,NYSE
tx_0007153,2025-06-20 09:44:14,AMZN,3463.23,264,sell,NASDAQ
tx_0000452,2025-06-20 09:44:14,AAPL,150.12,621,buy,NASDAQ
tx_0001715,2025-06-20 09:44:18,DIS,183.78,943,buy,NYSE
tx_0006772,2025-06-20 09:44:19,NVDA,196.65,780,sell,NASDAQ
tx_0005445,2025-06-20 09:44:23,JNJ,170.65,610,buy,NYSE
tx_0008715,2025-06-20 09:44:26,TSLA,695.2,555,buy,NASDAQ
tx_0007148,2025-06-20 09:44:28,BRK.B,282.03,979,sell,NYSE
tx_0000890,2025-06-20 09:44:29,WMT,140.26,592,sell,NYSE
tx_0005206,2025-06-20 09:44:30,NVDA,198.26,841,sell,NASDAQ
tx_0002504,2025-06-20 09:44:30,BRK.B,279.36,461,buy,NYSE
tx_0009030,2025-06-20 09:44:34,ADBE,602.64,885,sell,NASDAQ
tx_0007525,2025-06-20 09:44:37,KO,54.18,167,buy,NYSE
tx_0008111,2025-06-20 09:44:37,PYPL,255.68,380,buy,NASDAQ
tx_0006953,2025-06-20 09:44:41,ADBE,599.82,809,sell,NASDAQ
tx_0007884,2025-06-20 09:44:42,PYPL,258.22,253,buy,NASDAQ
tx_0002128,2025-06-20 09:44:44,BRK.B,283.25,474,sell,NYSE
tx_0004946,2025-06-20 09:44:49,MCD,245.04,453,buy,NYSE
tx_0003412,2025-06-20 09:44:51,ADBE,605.97,263,buy,NASDAQ
tx_0004921,2025-06-20 09:44:52,NFLX,499.4,166,sell,NASDAQ
tx_0000846,2025-06-20 09:44:54,GOOGL,2806.65,448,buy,NASDAQ
tx_0005477,2025-06-20 09:44:54,V,219.31,876,buy,NYSE
tx_0003615,2025-06-20 09:44:57,NVDA,197.35,634,buy,NASDAQ
tx_0009349,2025-06-20 09:44:58,MSFT,301.83,416,sell,
tx_0008726,2025-06-20 09:45:01,DIS,183.04,724,sell,NYSE
tx_0001775,2025-06-20 09:45:02,TSLA,690.65,423,buy,NASDAQ
tx_0008988,2025-06-20 09:45:03,JNJ,169.94,214,buy,NYSE
tx_0007883,2025-06-20 09:45:04,NVDA,197.71,459,buy,NASDAQ
tx_0007061,2025-06-20 09:45:04,AAPL,149.81,101,sell,NASDAQ
tx_0004974,2025-06-20 09:45:04,ADBE,605.72,513,buy,NASDAQ
tx_0002292,2025-06-20 09:45:05,V,217.47,890,sell,NYSE
tx_0009952,2025-06-20 09:45:07,PYPL,258.68,575,sell,NASDAQ
tx_0003141,2025-06-20 09:45:07,BRK.B,282.12,368,buy,NYSE
tx_0009465,2025-06-20 09:45:08,TSLA,691.78,808,buy,NASDAQ
tx_0007084,2025-06-20 09:45:10,ADBE,598.43,977,sell,NASDAQ
tx_0002525,2025-06-20 09:45:11,BRK.B,277.89,133,buy,NYSE
tx_0005310,2025-06-20 09:45:12,DIS,182.75,368,buy,NYSE
tx_0008423,2025-06-20 09:45:13,ADBE,606.93,332,buy,NASDAQ
tx_0005990,2025-06-20 09:45:18,WMT,138.97,755,buy,NYSE
tx_0000548,2025-06-20 09:45:20,NVDA,196.15,692,buy,NASDAQ
tx_0000881,2025-06-20 09:45:24,PG,141.22,834,buy,NYSE
tx_0007475,2025-06-20 09:45:28,PEP,151.56,979,sell,NYSE
tx_0006839,2025-06-20 09:45:30,BRK.B,282.36,203,buy,NYSE
tx_0004261,2025-06-20 09:45:31,MSFT,296.56,765,buy,NASDAQ
tx_0006096,2025-06-20 09:45:32,MA,352.91,803,sell,NYSE
tx_0003732,2025-06-20 09:45:32,NFLX,495.77,576,sell,NASDAQ
tx_0009665,2025-06-20 09:45:42,MSFT,298.42,887,buy,NASDAQ
tx_0005630,2025-06-20 09:45:47,AAPL,151.33,767,,NASDAQ
tx_0008602,2025-06-20 09:45:47,GOOGL,2825.35,538,buy,NASDAQ
tx_0005551,2025-06-20 09:45:51,GOOGL,2796.57,643,buy,NASDAQ
tx_0007115,2025-06-20 09:45:53,FB,337.61,349,buy,NASDAQ
tx_0002498,2025-06-20 09:45:54,NVDA,199.32,527,buy,NASDAQ
tx_0005742,2025-06-20 09:45:56,BRK.B,278.94,225,buy,NYSE
tx_0002687,2025-06-20 09:45:57,NVDA,197.78,306,buy,NASDAQ
tx_0005602,2025-06-20 09:46:00,JNJ,169.13,472,sell,NYSE
tx_0007264,2025-06-20 09:46:00,AMZN,3473.28,847,buy,
tx_0000297,2025-06-20 09:46:01,AMZN,3514.02,846,buy,NASDAQ
tx_0007517,2025-06-20 09:46:04,BRK.B,282.4,968,sell,NYSE
tx_0005851,2025-06-20 09:46:09,FB,333.09,435,buy,NASDAQ
tx_0001963,2025-06-20 09:46:09,JNJ,169.37,959,buy,NYSE
tx_0000835,2025-06-20 09:46:10,NVDA,196.91,518,sell,NASDAQ
tx_0002385,2025-06-20 09:46:11,TSLA,693.42,977,sell,NASDAQ
tx_0003362,2025-06-20 09:46:12,NFLX,500.89,736,sell,NASDAQ
tx_0001481,2025-06-20 09:46:13,JNJ,167.25,661,sell,NYSE
tx_0000586,2025-06-20 09:46:14,PG,143.08,789,buy,NYSE
tx_0004774,2025-06-20 09:46:17,AAPL,151.52,480,buy,NASDAQ
tx_0000033,2025-06-20 09:46:19,MSFT,298.17,432,buy,NASDAQ
tx_0001979,2025-06-20 09:46:19,NVDA,197.46,568,buy,NASDAQ
tx_0002341,2025-06-20 09:46:20,WMT,138.95,899,,NYSE
tx_0002025,2025-06-20 09:46:28,WMT,140.31,120,buy,NYSE
tx_0006237,2025-06-20 09:46:30,TSLA,699.99,655,sell,NASDAQ
tx_0005126,2025-06-20 09:46:30,WMT,140.2,450,sell,NYSE
tx_0004742,2025-06-20 09:46:33,DIS,183.9,646,buy,NYSE
tx_0005357,2025-06-20 09:46:40,TSLA,693.87,660,sell,NASDAQ
tx_0007043,2025-06-20 09:46:40,MCD,245.03,636,sell,NYSE
tx_0003770,2025-06-20 09:46:43,DIS,184.17,762,sell,NYSE
tx_0006975,2025-06-20 09:46:43,PEP,152.08,425,sell,NYSE
tx_0006754,2025-06-20 09:46:44,MCD,247.28,613,buy,NYSE
tx_0000778,2025-06-20 09:46:44,AAPL,151.17,460,sell,NASDAQ
tx_0009154,2025-06-20 09:46:47,BRK.B,282.16,315,buy,NYSE
tx_0008057,2025-06-20 09:46:49,BRK.B,278.63,312,buy,NYSE
tx_0008273,2025-06-20 09:46:51,PEP,151.93,955,buy,NYSE
tx_0008640,2025-06-20 09:46:51,V,219.1,944,sell,NYSE
tx_0009389,2025-06-20 09:46:54,V,220.07,421,buy,NYSE
tx_0007520,2025-06-20 09:46:57,JNJ,169.43,215,sell,NYSE
tx_0004813,2025-06-20 09:46:58,PEP,151.15,822,,NYSE
tx_0000108,2025-06-20 09:47:03,AMZN,3494.47,560,buy,NASDAQ
tx_0008343,2025-06-20 09:47:07,WMT,139.71,185,sell,NYSE
tx_0003728,2025-06-20 09:47:09,MSFT,300.87,917,buy,NASDAQ
tx_0007313,2025-06-20 09:47:11,PYPL,257.7,838,buy,NASDAQ
tx_0008685,2025-06-20 09:47:12,DIS,183.48,962,buy,NYSE
tx_0000183,2025-06-20 09:47:13,KO,55.15,830,sell,NYSE
tx_0007781,2025-06-20 09:47:17,TSLA,691.53,815,sell,NASDAQ
tx_0002040,2025-06-20 09:47:19,WMT,141.32,443,buy,NYSE
tx_0002081,2025-06-20 09:47:25,PEP,152.61,403,sell,NYSE
tx_0007949,2025-06-20 09:47:25,PEP,151.26,976,buy,NYSE
tx_0002371,2025-06-20 09:47:27,AMZN,3473.35,883,buy,NASDAQ
tx_0005287,2025-06-20 09:47:27,PYPL,258.45,133,buy,NASDAQ
tx_0008549,2025-06-20 09:47:27,FB,334.38,780,sell,NASDAQ
tx_0007511,2025-06-20 09:47:30,KO,54.34,156,buy,NYSE
tx_0008817,2025-06-20 09:47:31,KO,54.73,926,,NYSE
tx_0006791,2025-06-20 09:47:32,NVDA,196.76,196,sell,NASDAQ
tx_0004178,2025-06-20 09:47:36,TSLA,688.58,410,sell,NASDAQ
tx_0006441,2025-06-20 09:47:37,PG,142.68,680,sell,NYSE
tx_0000616,2025-06-20 09:47:37,MCD,244.9,473,sell,NYSE
tx_0008758,2025-06-20 09:47:45,AMZN,3474.49,732,sell,NASDAQ
tx_0006349,2025-06-20 09:47:47,AAPL,152.71,198,sell,NASDAQ
tx_0004322,2025-06-20 09:47:49,PEP,153.09,405,buy,NYSE
tx_0001082,2025-06-20 09:47:49,WMT,140.45,938,sell,NYSE
tx_0004043,2025-06-20 09:47:52,WMT,140.56,225,sell,NYSE
tx_0002607,2025-06-20 09:47:56,KO,54.28,695,sell,NYSE
tx_0008809,2025-06-20 09:47:56,PYPL,259.96,434,buy,NASDAQ
tx_0009397,2025-06-20 09:47:57,TSLA,689.23,266,sell,NASDAQ
tx_0009555,2025-06-20 09:48:00,PEP,150.62,329,buy,NYSE
tx_0000669,2025-06-20 09:48:04,MCD,247.52,562,buy,NYSE
tx_0008188,2025-06-20 09:48:06,NFLX,503.62,912,buy,NASDAQ
tx_0003349,2025-06-20 09:48:06,MCD,246.66,885,buy,NYSE
tx_0007491,2025-06-20 09:48:10,ADBE,596.78,873,buy,NASDAQ
tx_0001416,2025-06-20 09:48:12,NVDA,198.72,753,sell,NASDAQ
tx_0006071,2025-06-20 09:48:12,AAPL,151.36,679,sell,NASDAQ
tx_0002100,2025-06-20 09:48:13,PEP,152.79,117,buy,NYSE
tx_0005684,2025-06-20 09:48:15,MA,350.16,793,buy,NYSE
tx_0001684,2025-06-20 09:48:16,BRK.B,279.02,986,buy,NYSE
tx_0008249,2025-06-20 09:48:17,PEP,150.84,408,buy,NYSE
tx_0005322,2025-06-20 09:48:26,AMZN,3501.01,548,sell,NASDAQ
tx_0006739,2025-06-20 09:48:28,PYPL,257.6,752,buy,NASDAQ
tx_0003826,2025-06-20 09:48:34,V,219.56,896,sell,NYSE
tx_0001822,2025-06-20 09:48:35,PG,140.82,208,buy,NYSE
tx_0004239,2025-06-20 09:48:36,BRK.B,283.2,550,buy,NYSE
tx_0009194,2025-06-20 09:48:39,PYPL,258.58,451,sell,NASDAQ
tx_0005052,2025-06-20 09:48:40,FB,340.01,366,sell,NASDAQ
tx_0001983,2025-06-20 09:48:41,AMZN,3494.21,102,buy,NASDAQ
tx_0008365,2025-06-20 09:48:44,PYPL,256.01,676,sell,NASDAQ
tx_0005864,2025-06-20 09:48:45,TSLA,688.66,103,buy,NASDAQ
tx_0006050,2025-06-20 09:48:46,WMT,140.28,746,buy,NYSE
tx_0003157,2025-06-20 09:48:50,V,217.39,981,buy,NYSE
tx_0001710,2025-06-20 09:48:51,AAPL,151.76,917,buy,NASDAQ
tx_0005007,2025-06-20 09:48:53,NFLX,496.98,123,sell,NASDAQ
tx_0006348,2025-06-20 09:49:00,JNJ,167.97,605,sell,NYSE
tx_0002672,2025-06-20 09:49:02,PYPL,258.59,884,buy,NASDAQ
tx_0000304,2025-06-20 09:49:06,PEP,152.02,606,buy,NYSE
tx_0004539,2025-06-20 09:49:06,ADBE,595.1,669,sell,NASDAQ
tx_0003162,2025-06-20 09:49:08,WMT,141.12,394,sell,NYSE
tx_0004749,2025-06-20 09:49:13,NFLX,505.29,261,buy,NASDAQ
tx_0009378,2025-06-20 09:49:16,JNJ,168.21,825,buy,NYSE
tx_0002186,2025-06-20 09:49:21,MCD,246.91,160,buy,NYSE
tx_0002194,2025-06-20 09:49:23,DIS,181.95,935,buy,NYSE
tx_0003082,2025-06-20 09:49:29,PYPL,258.39,375,sell,NASDAQ
tx_0005881,2025-06-20 09:49:31,ADBE,605.09,921,buy,NASDAQ
tx_0001308,2025-06-20 09:49:32,ADBE,597.27,805,sell,NASDAQ
tx_0008130,2025-06-20 09:49:32,JNJ,169.88,114,buy,NYSE
tx_0001266,2025-06-20 09:49:34,V,216.41,658,sell,NYSE
tx_0003084,2025-06-20 09:49:36,V,217.03,410,buy,NYSE
tx_0002114,2025-06-20 09:49:36,NFLX,504.34,549,sell,NASDAQ
tx_0004938,2025-06-20 09:49:40,DIS,182.98,680,sell,NYSE
tx_0002453,2025-06-20 09:49:43,KO,54.38,569,sell,NYSE
tx_0008008,2025-06-20 09:49:45,ADBE,606.0,941,sell,NASDAQ
tx_0006283,2025-06-20 09:49:55,BRK.B,281.12,393,buy,NYSE
tx_0006519,2025-06-20 09:49:57,ADBE,603.84,134,sell,NASDAQ
tx_0003983,2025-06-20 09:50:02,BRK.B,278.86,117,buy,NYSE
tx_0008783,2025-06-20 09:50:03,PG,142.53,338,sell,NYSE
tx_0004206,2025-06-20 09:50:12,NVDA,198.56,961,buy,NASDAQ
tx_0007266,2025-06-20 09:50:16,KO,54.61,128,sell,NYSE
tx_0004012,2025-06-20 09:50:18,PEP,150.68,625,sell,NYSE
tx_0003217,2025-06-20 09:50:27,MCD,250.57,185,sell,NYSE
tx_0003991,2025-06-20 09:50:31,GOOGL,2836.56,736,buy,NASDAQ
tx_0006399,2025-06-20 09:50:32,NFLX,501.63,739,buy,NASDAQ
tx_0008948,2025-06-20 09:50:33,MSFT,298.47,487,buy,NASDAQ
tx_0005181,2025-06-20 09:50:35,MCD,248.7,195,buy,NYSE
tx_0003650,2025-06-20 09:50:39,MCD,249.48,457,buy,NYSE
tx_0009120,2025-06-20 09:50:42,PEP,151.29,443,sell,NYSE
tx_0005087,2025-06-20 09:50:43,NFLX,499.99,662,buy,NASDAQ
tx_0006758,2025-06-20 09:50:44,V,218.53,446,sell,NYSE
tx_0005422,2025-06-20 09:50:48,MSFT,298.14,942,buy,NASDAQ
tx_0002077,2025-06-20 09:50:49,KO,54.72,857,sell,NYSE
tx_0005366,2025-06-20 09:50:49,PEP,151.29,681,sell,NYSE
tx_0005525,2025-06-20 09:50:50,TSLA,689.0,753,sell,NASDAQ
tx_0002424,2025-06-20 09:50:51,PYPL,257.5,419,buy,NASDAQ
tx_0007270,2025-06-20 09:50:51,PYPL,258.41,335,sell,NASDAQ
tx_0003992,2025-06-20 09:50:57,ADBE,597.37,819,buy,NASDAQ
tx_0007151,2025-06-20 09:51:00,PG,142.59,829,sell,NYSE
tx_0004793,2025-06-20 09:51:04,JNJ,169.06,714,,NYSE
tx_0005274,2025-06-20 09:51:05,PG,140.96,296,buy,NYSE
tx_0009881,2025-06-20 09:51:05,NFLX,501.39,646,sell,NASDAQ
tx_0002997,2025-06-20 09:51:05,BRK.B,280.41,882,sell,NYSE
tx_0000444,2025-06-20 09:51:07,MSFT,301.23,116,buy,NASDAQ
tx_0005988,2025-06-20 09:51:08,KO,54.87,785,buy,NYSE
tx_0006133,2025-06-20 09:51:09,GOOGL,2836.18,383,buy,NASDAQ
tx_0006386,2025-06-20 09:51:13,NVDA,199.09,661,sell,NASDAQ
tx_0003637,2025-06-20 09:51:13,MSFT,302.68,694,sell,NASDAQ
tx_0005303,2025-06-20 09:51:17,MSFT,303.05,394,buy,NASDAQ
tx_0006161,2025-06-20 09:51:21,WMT,142.04,238,sell,NYSE
tx_0001252,2025-06-20 09:51:27,WMT,140.89,259,sell,NYSE
tx_0003044,2025-06-20 09:51:29,MSFT,303.47,681,buy,NASDAQ
tx_0004298,2025-06-20 09:51:31,PEP,151.51,808,sell,NYSE
tx_0003229,2025-06-20 09:51:33,KO,55.04,165,buy,NYSE
tx_0005332,2025-06-20 09:51:35,V,216.67,399,buy,NYSE
tx_0008673,2025-06-20 09:51:40,MA,354.39,625,sell,NYSE
tx_0004443,2025-06-20 09:51:42,NVDA,197.3,980,sell,NASDAQ
tx_0000655,2025-06-20 09:51:42,PG,140.74,872,buy,NYSE
tx_0001609,2025-06-20 09:51:43,ADBE,600.68,160,buy,NASDAQ
tx_0003324,2025-06-20 09:51:47,V,214.81,203,buy,NYSE
tx_0005743,2025-06-20 09:51:47,PG,140.48,505,buy,NYSE
tx_0005521,2025-06-20 09:51:57,PYPL,259.24,531,sell,NASDAQ
tx_0000199,2025-06-20 09:52:10,MSFT,299.71,580,sell,NASDAQ
tx_0009002,2025-06-20 09:52:13,MSFT,300.77,998,sell,NASDAQ
tx_0000367,2025-06-20 09:52:13,TSLA,686.26,390,sell,NASDAQ
tx_0000908,2025-06-20 09:52:15,JNJ,168.79,203,sell,NYSE
tx_0004582,2025-06-20 09:52:20,PG,142.13,849,buy,NYSE
tx_0000774,2025-06-20 09:52:24,AAPL,154.28,424,sell,NASDAQ
tx_0007755,2025-06-20 09:52:29,ADBE,602.17,787,sell,NASDAQ
tx_0001600,2025-06-20 09:52:36,V,214.34,469,sell,NYSE
tx_0003443,2025-06-20 09:52:41,AAPL,153.36,689,sell,NASDAQ
tx_0007375,2025-06-20 09:52:41,PEP,153.78,805,buy,NYSE
tx_0008347,2025-06-20 09:52:44,JNJ,170.02,216,buy,NYSE
tx_0000897,2025-06-20 09:52:44,MA,354.83,715,buy,NYSE
tx_0004656,2025-06-20 09:52:45,PYPL,256.05,159,buy,NASDAQ
tx_0009076,2025-06-20 09:52:48,PYPL,256.75,346,,NASDAQ
tx_0005707,2025-06-20 09:52:48,NFLX,500.98,577,buy,NASDAQ
tx_0000104,2025-06-20 09:52:55,V,217.06,875,sell,NYSE
tx_0001088,2025-06-20 09:52:56,AAPL,155.66,758,sell,NASDAQ
tx_0006568,2025-06-20 09:53:01,MSFT,303.64,921,buy,NASDAQ
tx_0004032,2025-06-20 09:53:03,MSFT,303.29,441,buy,NASDAQ
tx_0007224,2025-06-20 09:53:05,MSFT,301.8,614,sell,NASDAQ
tx_0005176,2025-06-20 09:53:07,WMT,139.39,795,buy,NYSE
tx_0007915,2025-06-20 09:53:07,PYPL,259.15,221,sell,NASDAQ
tx_0004093,2025-06-20 09:53:11,WMT,139.53,300,sell,NYSE
tx_0002138,2025-06-20 09:53:15,MCD,247.41,861,buy,NYSE
tx_0009444,2025-06-20 09:53:17,ADBE,603.17,350,buy,NASDAQ
tx_0005139,2025-06-20 09:53:20,TSLA,690.38,750,sell,NASDAQ
tx_0000124,2025-06-20 09:53:25,PYPL,257.08,679,buy,NASDAQ
tx_0007204,2025-06-20 09:53:28,KO,55.02,282,buy,NYSE
tx_0005564,2025-06-20 09:53:28,MCD,251.75,856,buy,NYSE
tx_0005592,2025-06-20 09:53:30,TSLA,691.37,293,sell,NASDAQ
tx_0008355,2025-06-20 09:53:31,GOOGL,2881.56,509,sell,NASDAQ
tx_0007541,2025-06-20 09:53:32,KO,54.2,488,sell,NYSE
tx_0001709,2025-06-20 09:53:35,WMT,139.27,938,sell,NYSE
tx_0008572,2025-06-20 09:53:35,BRK.B,279.13,920,sell,NYSE
tx_0000409,2025-06-20 09:53:37,KO,54.65,329,buy,NYSE
tx_0003871,2025-06-20 09:53:38,PEP,151.91,750,buy,NYSE
tx_0006966,2025-06-20 09:53:40,DIS,180.23,236,buy,NYSE
tx_0004932,2025-06-20 09:53:44,BRK.B,279.72,443,sell,NYSE
tx_0007040,2025-06-20 09:53:52,KO,54.5,876,sell,NYSE
tx_0008848,2025-06-20 09:53:55,ADBE,602.08,599,buy,NASDAQ
tx_0005327,2025-06-20 09:53:57,PG,139.92,325,,NYSE
tx_0004778,2025-06-20 09:53:59,NVDA,197.41,288,buy,NASDAQ
tx_0006903,2025-06-20 09:54:00,WMT,139.28,919,buy,NYSE
tx_0003597,2025-06-20 09:54:01,JNJ,170.77,330,buy,NYSE
tx_0006668,2025-06-20 09:54:05,AAPL,155.56,419,sell,NASDAQ
tx_0009136,2025-06-20 09:54:11,GOOGL,2868.57,586,buy,NASDAQ
tx_0006165,2025-06-20 09:54:16,MA,351.62,341,buy,NYSE
tx_0006803,2025-06-20 09:54:18,NVDA,196.14,276,sell,NASDAQ
tx_0007927,2025-06-20 09:54:18,MA,356.02,557,sell,NYSE
tx_0003708,2025-06-20 09:54:19,AAPL,155.11,673,buy,NASDAQ
tx_0000684,2025-06-20 09:54:19,PG,141.55,929,sell,NYSE
tx_0001402,2025-06-20 09:54:21,NFLX,511.17,917,sell,NASDAQ
tx_0003705,2025-06-20 09:54:22,KO,54.2,697,buy,NYSE
tx_0009023,2025-06-20 09:54:25,PEP,152.07,556,sell,NYSE
tx_0004698,2025-06-20 09:54:35,WMT,138.9,925,sell,NYSE
tx_0001642,2025-06-20 09:54:36,MCD,251.13,675,buy,NYSE
tx_0005070,2025-06-20 09:54:36,ADBE,596.74,998,buy,NASDAQ
tx_0003169,2025-06-20 09:54:37,MSFT,306.38,887,sell,NASDAQ
tx_0004378,2025-06-20 09:54:38,V,217.48,983,buy,NYSE
tx_0005388,2025-06-20 09:54:38,FB,337.09,644,buy,NASDAQ
tx_0001372,2025-06-20 09:54:39,MCD,249.73,493,buy,NYSE
tx_0005039,2025-06-20 09:54:42,AAPL,156.19,586,sell,NASDAQ
tx_0002736,2025-06-20 09:54:42,DIS,182.8,630,buy,NYSE
tx_0004399,2025-06-20 09:54:42,JNJ,169.74,371,buy,NYSE
tx_0003694,2025-06-20 09:54:49,V,218.24,844,buy,NYSE
tx_0003234,2025-06-20 09:54:49,NVDA,195.17,681,sell,NASDAQ
tx_0004810,2025-06-20 09:54:50,NFLX,510.13,251,buy,NASDAQ
tx_0001035,2025-06-20 09:54:54,AAPL,154.29,732,sell,NASDAQ
tx_0000270,2025-06-20 09:55:06,JNJ,168.36,642,buy,NYSE
tx_0003943,2025-06-20 09:55:06,FB,333.92,971,buy,NASDAQ
tx_0005912,2025-06-20 09:55:09,KO,55.12,444,buy,NYSE
tx_0003685,2025-06-20 09:55:10,ADBE,595.24,359,buy,NASDAQ
tx_0005998,2025-06-20 09:55:10,MCD,249.2,804,sell,NYSE
tx_0005924,2025-06-20 09:55:12,GOOGL,2869.49,524,sell,NASDAQ
tx_0001510,2025-06-20 09:55:14,ADBE,592.96,628,buy,NASDAQ
tx_0004807,2025-06-20 09:55:14,ADBE,602.76,354,buy,NASDAQ
tx_0009942,2025-06-20 09:55:17,DIS,181.0,322,buy,NYSE
tx_0007551,2025-06-20 09:55:21,JNJ,168.3,329,sell,NYSE
tx_0000708,2025-06-20 09:55:21,AAPL,154.35,513,buy,NASDAQ
tx_0003698,2025-06-20 09:55:22,KO,54.36,322,sell,NYSE
tx_0007681,2025-06-20 09:55:26,DIS,181.78,145,buy,NYSE
tx_0006464,2025-06-20 09:55:29,NVDA,195.28,405,sell,NASDAQ
tx_0009419,2025-06-20 09:55:30,KO,54.7,491,buy,NYSE
tx_0007195,2025-06-20 09:55:34,NVDA,196.09,171,sell,NASDAQ
tx_0006426,2025-06-20 09:55:35,MA,356.8,399,buy,NYSE
tx_0003913,2025-06-20 09:55:37,BRK.B,280.12,392,buy,NYSE
tx_0004039,2025-06-20 09:55:37,MCD,249.15,532,sell,NYSE
tx_0001683,2025-06-20 09:55:39,KO,54.47,998,sell,NYSE
tx_0000143,2025-06-20 09:55:39,TSLA,696.15,965,buy,NASDAQ
tx_0006820,2025-06-20 09:55:42,FB,337.0,442,buy,NASDAQ
tx_0007812,2025-06-20 09:55:43,PEP,153.46,365,buy,NYSE
tx_0002022,2025-06-20 09:55:49,TSLA,697.05,417,sell,NASDAQ
tx_0008271,2025-06-20 09:55:50,KO,54.98,620,sell,NYSE
tx_0003579,2025-06-20 09:55:54,DIS,182.6,127,sell,NYSE
tx_0005778,2025-06-20 09:55:57,BRK.B,279.05,921,sell,NYSE
tx_0003989,2025-06-20 09:55:58,PG,140.42,129,sell,NYSE
tx_0008784,2025-06-20 09:55:59,NVDA,195.26,411,sell,NASDAQ
tx_0009544,2025-06-20 09:56:00,WMT,139.16,741,buy,NYSE
tx_0001157,2025-06-20 09:56:01,FB,334.19,878,buy,NASDAQ
tx_0002309,2025-06-20 09:56:03,JNJ,167.82,565,sell,NYSE
tx_0006299,2025-06-20 09:56:04,ADBE,595.02,549,sell,NASDAQ
tx_0003958,2025-06-20 09:56:04,BRK.B,277.23,954,buy,NYSE
tx_0000922,2025-06-20 09:56:05,WMT,139.31,414,sell,NYSE
tx_0005353,2025-06-20 09:56:06,GOOGL,2887.06,958,buy,NASDAQ
tx_0006889,2025-06-20 09:56:06,AAPL,156.48,432,buy,NASDAQ
tx_0000059,2025-06-20 09:56:06,AAPL,154.55,971,sell,NASDAQ
tx_0008098,2025-06-20 09:56:07,KO,54.74,541,buy,NYSE
tx_0001546,2025-06-20 09:56:07,WMT,138.34,547,sell,NYSE
tx_0009400,2025-06-20 09:56:12,ADBE,597.92,104,buy,NASDAQ
tx_0006343,2025-06-20 09:56:15,FB,337.32,542,buy,NASDAQ
tx_0008643,2025-06-20 09:56:17,V,216.05,193,buy,NYSE
tx_0009074,2025-06-20 09:56:23,AMZN,3546.5,945,buy,NASDAQ
tx_0002367,2025-06-20 09:56:23,MA,350.19,490,buy,NYSE
tx_0004195,2025-06-20 09:56:24,GOOGL,2843.59,234,sell,
tx_0008218,2025-06-20 09:56:25,MCD,250.05,940,buy,NYSE
tx_0002273,2025-06-20 09:56:29,PYPL,258.21,395,buy,NASDAQ
tx_0002884,2025-06-20 09:56:31,JNJ,168.44,976,sell,NYSE
tx_0006217,2025-06-20 09:56:31,ADBE,593.65,407,sell,NASDAQ
tx_0009182,2025-06-20 09:56:34,JNJ,168.92,944,sell,NYSE
tx_0003866,2025-06-20 09:56:34,NVDA,196.12,358,sell,NASDAQ
tx_0000997,2025-06-20 09:56:40,DIS,183.59,682,buy,NYSE
tx_0008670,2025-06-20 09:56:44,DIS,183.12,310,buy,NYSE
tx_0000600,2025-06-20 09:56:46,V,216.57,926,buy,NYSE
tx_0006581,2025-06-20 09:56:47,KO,54.9,618,sell,NYSE
tx_0004905,2025-06-20 09:56:54,GOOGL,2845.56,145,buy,NASDAQ
tx_0007938,2025-06-20 09:56:58,AAPL,156.5,853,sell,NASDAQ
tx_0001045,2025-06-20 09:57:00,FB,335.91,738,buy,NASDAQ
tx_0002528,2025-06-20 09:57:01,MA,357.34,839,sell,NYSE
tx_0001050,2025-06-20 09:57:05,PYPL,256.69,707,buy,NASDAQ
tx_0004211,2025-06-20 09:57:06,AAPL,155.31,349,buy,NASDAQ
tx_0007246,2025-06-20 09:57:11,DIS,185.69,268,buy,NYSE
tx_0000755,2025-06-20 09:57:13,DIS,185.85,249,sell,NYSE
tx_0001431,2025-06-20 09:57:14,ADBE,602.48,842,buy,NASDAQ
tx_0007147,2025-06-20 09:57:17,WMT,141.45,726,sell,NYSE
tx_0007211,2025-06-20 09:57:21,BRK.B,276.57,834,buy,NYSE
tx_0007846,2025-06-20 09:57:22,WMT,140.9,678,buy,NYSE
tx_0008568,2025-06-20 09:57:23,AAPL,154.96,295,sell,NASDAQ
tx_0008528,2025-06-20 09:57:23,DIS,185.28,793,,NYSE
tx_0009454,2025-06-20 09:57:26,AAPL,154.52,362,buy,NASDAQ
tx_0007720,2025-06-20 09:57:28,DIS,182.57,372,sell,NYSE
tx_0001858,2025-06-20 09:57:29,NVDA,197.39,145,buy,NASDAQ
tx_0005987,2025-06-20 09:57:35,JNJ,169.41,159,buy,NYSE
tx_0003023,2025-06-20 09:57:38,PYPL,258.77,574,buy,NASDAQ
tx_0007707,2025-06-20 09:57:39,FB,332.89,749,sell,NASDAQ
tx_0002506,2025-06-20 09:57:43,KO,54.69,321,sell,NYSE
tx_0000782,2025-06-20 09:57:50,ADBE,600.62,617,sell,NASDAQ
tx_0007787,2025-06-20 09:57:50,KO,54.6,867,buy,NYSE
tx_0006527,2025-06-20 09:57:55,ADBE,599.04,339,buy,NASDAQ
tx_0008200,2025-06-20 09:57:56,MCD,246.66,384,sell,NYSE
tx_0002925,2025-06-20 09:58:01,GOOGL,2884.52,756,buy,NASDAQ
tx_0001718,2025-06-20 09:58:06,PG,142.01,844,buy,NYSE
tx_0000629,2025-06-20 09:58:11,FB,331.97,358,sell,NASDAQ
tx_0008283,2025-06-20 09:58:13,NVDA,194.32,129,buy,NASDAQ
tx_0009530,2025-06-20 09:58:17,MCD,246.24,318,sell,NYSE
tx_0008508,2025-06-20 09:58:17,V,213.53,582,buy,NYSE
tx_0001257,2025-06-20 09:58:17,V,215.07,894,sell,NYSE
tx_0003041,2025-06-20 09:58:18,BRK.B,278.72,779,buy,NYSE
tx_0001746,2025-06-20 09:58:23,AAPL,156.53,714,buy,NASDAQ
tx_0003333,2025-06-20 09:58:28,PYPL,254.67,236,sell,NASDAQ
tx_0006599,2025-06-20 09:58:31,AMZN,3559.53,930,buy,NASDAQ
tx_0009984,2025-06-20 09:58:31,PYPL,258.11,933,buy,NASDAQ
tx_0006777,2025-06-20 09:58:33,MA,351.26,271,buy,NYSE
tx_0005695,2025-06-20 09:58:37,JNJ,169.67,696,sell,
tx_0007309,2025-06-20 09:58:38,GOOGL,2868.92,346,buy,NASDAQ
tx_0006326,2025-06-20 09:58:39,NVDA,194.49,455,buy,NASDAQ
tx_0006236,2025-06-20 09:58:40,MSFT,305.76,893,sell,NASDAQ
tx_0005667,2025-06-20 09:58:43,V,214.96,901,sell,NYSE
tx_0006878,2025-06-20 09:58:43,NVDA,195.09,270,buy,NASDAQ
tx_0007689,2025-06-20 09:58:44,AAPL,156.32,683,sell,NASDAQ
tx_0001957,2025-06-20 09:58:44,MSFT,305.95,886,sell,NASDAQ
tx_0006340,2025-06-20 09:58:45,PYPL,256.83,184,buy,NASDAQ
tx_0003395,2025-06-20 09:58:48,PYPL,256.76,787,sell,NASDAQ
tx_0007824,2025-06-20 09:58:48,NVDA,197.46,427,buy,NASDAQ
tx_0005269,2025-06-20 09:58:48,JNJ,168.97,222,buy,NYSE
tx_0008560,2025-06-20 09:58:50,MA,350.94,798,sell,NYSE
tx_0007047,2025-06-20 09:58:54,TSLA,692.8,112,buy,NASDAQ
tx_0002935,2025-06-20 09:58:58,MCD,250.16,617,buy,NYSE
tx_0002863,2025-06-20 09:58:59,DIS,181.86,688,buy,NYSE
tx_0005106,2025-06-20 09:59:00,FB,333.56,835,sell,NASDAQ
tx_0008813,2025-06-20 09:59:00,MA,355.95,339,sell,NYSE
tx_0001919,2025-06-20 09:59:06,NVDA,197.38,179,buy,NASDAQ
tx_0009688,2025-06-20 09:59:09,GOOGL,2911.03,930,buy,NASDAQ
tx_0001590,2025-06-20 09:59:16,MSFT,306.54,419,sell,NASDAQ
tx_0006518,2025-06-20 09:59:17,AMZN,3521.01,883,buy,NASDAQ
tx_0008374,2025-06-20 09:59:17,MCD,248.58,772,sell,NYSE
tx_0001920,2025-06-20 09:59:18,MA,350.8,348,buy,NYSE
tx_0005058,2025-06-20 09:59:21,DIS,182.62,101,buy,NYSE
tx_0008967,2025-06-20 09:59:21,PG,140.98,585,buy,NYSE
tx_0001573,2025-06-20 09:59:25,TSLA,688.07,457,sell,NASDAQ
tx_0009989,2025-06-20 09:59:26,NVDA,198.21,789,buy,NASDAQ
tx_0000162,2025-06-20 09:59:29,NVDA,195.67,160,sell,NASDAQ
tx_0003970,2025-06-20 09:59:32,NFLX,506.85,202,buy,NASDAQ
tx_0007879,2025-06-20 09:59:32,MCD,246.08,516,buy,NYSE
tx_0000395,2025-06-20 09:59:41,PYPL,255.66,525,sell,NASDAQ
tx_0009953,2025-06-20 09:59:42,PG,142.23,487,buy,NYSE
tx_0007856,2025-06-20 09:59:43,KO,53.86,186,,NYSE
tx_0009719,2025-06-20 09:59:44,MCD,246.95,852,sell,NYSE
tx_0008537,2025-06-20 09:59:45,ADBE,596.71,400,sell,NASDAQ
tx_0004405,2025-06-20 09:59:47,NVDA,194.18,994,buy,NASDAQ
tx_0008015,2025-06-20 09:59:52,GOOGL,2874.79,428,sell,NASDAQ
tx_0006198,2025-06-20 09:59:56,AAPL,155.46,881,buy,NASDAQ
tx_0004533,2025-06-20 09:59:58,MA,352.91,673,sell,NYSE
tx_0002895,2025-06-20 09:59:58,BRK.B,277.05,301,sell,NYSE
tx_0000582,2025-06-20 09:59:58,FB,333.89,437,buy,NASDAQ
tx_0005674,2025-06-20 10:00:02,DIS,182.0,274,sell,NYSE
tx_0009701,2025-06-20 10:00:03,MSFT,305.04,463,sell,NASDAQ
tx_0001112,2025-06-20 10:00:04,PEP,152.98,164,sell,NYSE
tx_0000815,2025-06-20 10:00:04,AMZN,3515.37,436,buy,NASDAQ
tx_0000772,2025-06-20 10:00:04,JNJ,167.38,106,sell,NYSE
tx_0002817,2025-06-20 10:00:05,PYPL,254.95,901,sell,NASDAQ
tx_0009586,2025-06-20 10:00:05,TSLA,700.8,877,sell,NASDAQ
tx_0006692,2025-06-20 10:00:06,GOOGL,2909.35,873,sell,NASDAQ
tx_0007477,2025-06-20 10:00:07,PYPL,254.62,161,sell,NASDAQ
tx_0008719,2025-06-20 10:00:08,MA,352.8,227,buy,NYSE
tx_0007424,2025-06-20 10:00:09,BRK.B,278.12,670,buy,NYSE
tx_0005642,2025-06-20 10:00:13,NFLX,509.44,237,sell,NASDAQ
tx_0001722,2025-06-20 10:00:17,MCD,248.77,165,sell,NYSE
tx_0002102,2025-06-20 10:00:18,FB,332.37,792,sell,NASDAQ
tx_0004358,2025-06-20 10:00:19,NFLX,508.92,844,buy,NASDAQ
tx_0003295,2025-06-20 10:00:22,PG,142.96,308,sell,NYSE
tx_0009449,2025-06-20 10:00:23,BRK.B,279.99,372,sell,NYSE
tx_0008535,2025-06-20 10:00:26,PEP,152.71,676,buy,NYSE
tx_0001648,2025-06-20 10:00:26,JNJ,169.55,326,sell,NYSE
tx_0004882,2025-06-20 10:00:27,PG,141.68,539,buy,NYSE
tx_0002681,2025-06-20 10:00:27,NFLX,511.24,877,buy,NASDAQ
tx_0001856,2025-06-20 10:00:36,ADBE,602.63,602,sell,NASDAQ
tx_0008494,2025-06-20 10:00:37,NFLX,506.52,859,sell,NASDAQ
tx_0000509,2025-06-20 10:00:38,AAPL,155.31,942,sell,NASDAQ
tx_0000683,2025-06-20 10:00:41,AAPL,157.2,228,buy,NASDAQ
tx_0006168,2025-06-20 10:00:44,ADBE,601.61,621,sell,NASDAQ
tx_0003700,2025-06-20 10:00:49,V,215.96,758,buy,NYSE
tx_0004837,2025-06-20 10:00:49,FB,331.55,677,buy,NASDAQ
tx_0010000,2025-06-20 10:00:53,BRK.B,279.65,799,sell,NYSE
tx_0009315,2025-06-20 10:00:54,TSLA,691.17,816,sell,NASDAQ
tx_0001933,2025-06-20 10:00:56,ADBE,601.79,410,sell,NASDAQ
tx_0009934,2025-06-20 10:00:56,MCD,247.19,355,sell,NYSE
tx_0001300,2025-06-20 10:00:57,KO,54.7,713,buy,NYSE
tx_0001444,2025-06-20 10:00:58,NVDA,196.01,205,sell,NASDAQ
tx_0008803,2025-06-20 10:01:01,PYPL,255.94,115,buy,
tx_0004229,2025-06-20 10:01:03,NFLX,502.4,987,buy,NASDAQ
tx_0004494,2025-06-20 10:01:04,PYPL,256.25,983,buy,NASDAQ
tx_0009803,2025-06-20 10:01:09,AAPL,157.35,785,sell,NASDAQ
tx_0007802,2025-06-20 10:01:09,V,213.64,790,buy,NYSE
tx_0004723,2025-06-20 10:01:10,GOOGL,2859.49,669,buy,NASDAQ
tx_0002633,2025-06-20 10:01:13,NVDA,195.09,853,buy,NASDAQ
tx_0001012,2025-06-20 10:01:17,NFLX,506.08,855,,
tx_0005473,2025-06-20 10:01:17,MSFT,302.67,413,buy,NASDAQ
tx_0008767,2025-06-20 10:01:18,ADBE,602.59,111,buy,NASDAQ
tx_0005090,2025-06-20 10:01:18,BRK.B,276.67,150,sell,NYSE
tx_0008447,2025-06-20 10:01:19,JNJ,169.99,458,buy,NYSE
tx_0009456,2025-06-20 10:01:24,PEP,153.42,323,buy,NYSE
tx_0006774,2025-06-20 10:01:25,ADBE,598.85,623,sell,NASDAQ
tx_0007350,2025-06-20 10:01:26,NVDA,197.26,905,sell,NASDAQ
tx_0000628,2025-06-20 10:01:27,ADBE,603.33,782,buy,NASDAQ
tx_0002530,2025-06-20 10:01:28,GOOGL,2896.18,312,buy,NASDAQ
tx_0006072,2025-06-20 10:01:31,GOOGL,2849.78,204,buy,NASDAQ
tx_0001133,2025-06-20 10:01:32,TSLA,695.69,658,buy,NASDAQ
tx_0002086,2025-06-20 10:01:33,BRK.B,278.39,245,sell,NYSE
tx_0006239,2025-06-20 10:01:34,AMZN,3536.0,376,sell,NASDAQ
tx_0004816,2025-06-20 10:01:35,V,212.72,753,buy,NYSE
tx_0006979,2025-06-20 10:01:42,MSFT,304.35,263,sell,NASDAQ
tx_0009543,2025-06-20 10:01:44,TSLA,690.07,982,buy,NASDAQ
tx_0006874,2025-06-20 10:01:47,ADBE,610.88,621,sell,NASDAQ
tx_0009312,2025-06-20 10:01:49,TSLA,693.53,786,sell,NASDAQ
tx_0002852,2025-06-20 10:01:51,ADBE,604.52,513,sell,NASDAQ
tx_0007785,2025-06-20 10:01:55,JNJ,167.89,321,sell,NYSE
tx_0005937,2025-06-20 10:02:01,GOOGL,2883.34,854,buy,NASDAQ
tx_0001675,2025-06-20 10:02:03,V,213.06,486,buy,NYSE
tx_0000976,2025-06-20 10:02:05,AMZN,3503.83,622,sell,NASDAQ
tx_0000988,2025-06-20 10:02:07,GOOGL,2871.97,737,sell,NASDAQ
tx_0003743,2025-06-20 10:02:09,PG,143.36,504,buy,NYSE
tx_0008749,2025-06-20 10:02:11,ADBE,606.71,668,sell,NASDAQ
tx_0006704,2025-06-20 10:02:11,PG,142.78,829,buy,NYSE
tx_0009436,2025-06-20 10:02:13,MA,352.92,920,buy,NYSE
tx_0005907,2025-06-20 10:02:15,DIS,182.08,960,sell,NYSE
tx_0001884,2025-06-20 10:02:16,PYPL,254.29,634,sell,NASDAQ
tx_0001501,2025-06-20 10:02:25,JNJ,168.92,514,buy,NYSE
tx_0008947,2025-06-20 10:02:28,AAPL,156.76,903,sell,NASDAQ
tx_0001453,2025-06-20 10:02:33,PEP,155.76,601,sell,NYSE
tx_0005799,2025-06-20 10:02:35,V,214.03,146,buy,NYSE
tx_0007739,2025-06-20 10:02:35,MA,352.76,119,sell,NYSE
tx_0008026,2025-06-20 10:02:36,AAPL,154.93,828,buy,NASDAQ
tx_0001645,2025-06-20 10:02:37,WMT,140.57,909,sell,NYSE
tx_0000076,2025-06-20 10:02:39,AMZN,3510.1,687,sell,NASDAQ
tx_0000900,2025-06-20 10:02:43,TSLA,697.28,340,buy,NASDAQ
tx_0002702,2025-06-20 10:02:46,MCD,244.05,188,buy,NYSE
tx_0000879,2025-06-20 10:02:47,V,216.99,975,sell,NYSE
tx_0005348,2025-06-20 10:02:48,PEP,154.42,910,sell,NYSE
tx_0005304,2025-06-20 10:02:48,JNJ,167.55,747,buy,NYSE
tx_0001721,2025-06-20 10:02:49,DIS,183.6,914,sell,NYSE
tx_0009829,2025-06-20 10:02:49,KO,54.13,592,sell,NYSE
tx_0001537,2025-06-20 10:02:49,PYPL,256.51,628,sell,NASDAQ
tx_0001853,2025-06-20 10:02:54,PG,143.66,214,sell,NYSE
tx_0009616,2025-06-20 10:02:58,KO,53.83,810,buy,NYSE
tx_0004805,2025-06-20 10:03:00,NFLX,504.97,159,sell,NASDAQ
tx_0002087,2025-06-20 10:03:03,WMT,142.37,927,buy,NYSE
tx_0001777,2025-06-20 10:03:03,MA,355.26,289,buy,NYSE
tx_0000915,2025-06-20 10:03:05,V,214.95,367,sell,NYSE
tx_0003000,2025-06-20 10:03:07,JNJ,168.86,398,buy,NYSE
tx_0001456,2025-06-20 10:03:11,NFLX,502.76,328,sell,NASDAQ
tx_0001886,2025-06-20 10:03:14,PG,143.48,161,buy,NYSE
tx_0009725,2025-06-20 10:03:17,NVDA,195.5,972,sell,NASDAQ
tx_0003051,2025-06-20 10:03:19,PEP,155.11,171,buy,NYSE
tx_0009423,2025-06-20 10:03:20,NVDA,196.05,846,buy,NASDAQ
tx_0001320,2025-06-20 10:03:23,WMT,141.47,357,buy,NYSE
tx_0005648,2025-06-20 10:03:25,BRK.B,275.75,344,buy,NYSE
tx_0003860,2025-06-20 10:03:39,NFLX,509.92,838,sell,NASDAQ
tx_0004744,2025-06-20 10:03:43,MSFT,305.73,437,sell,NASDAQ
tx_0007840,2025-06-20 10:03:51,MCD,246.77,281,sell,NYSE
tx_0005085,2025-06-20 10:03:53,V,213.46,850,buy,NYSE
tx_0006478,2025-06-20 10:03:56,DIS,185.95,827,buy,NYSE
tx_0003752,2025-06-20 10:03:56,GOOGL,2915.88,459,buy,NASDAQ
tx_0004565,2025-06-20 10:03:58,AAPL,155.65,860,sell,NASDAQ
tx_0007455,2025-06-20 10:04:00,NFLX,502.58,800,buy,NASDAQ
tx_0005019,2025-06-20 10:04:00,ADBE,602.74,892,sell,NASDAQ
tx_0008220,2025-06-20 10:04:05,MA,353.8,404,buy,NYSE
tx_0003403,2025-06-20 10:04:07,GOOGL,2889.18,836,sell,NASDAQ
tx_0006698,2025-06-20 10:04:09,V,215.78,796,buy,NYSE
tx_0005755,2025-06-20 10:04:09,TSLA,699.77,953,sell,NASDAQ
tx_0001263,2025-06-20 10:04:13,MSFT,301.06,457,sell,NASDAQ
tx_0007320,2025-06-20 10:04:13,PEP,153.99,709,sell,NYSE
tx_0009783,2025-06-20 10:04:13,KO,,926,sell,NYSE
tx_0008392,2025-06-20 10:04:15,ADBE,610.36,199,buy,NASDAQ
tx_0000374,2025-06-20 10:04:17,TSLA,688.94,901,sell,NASDAQ
tx_0002651,2025-06-20 10:04:21,BRK.B,276.91,479,buy,NYSE
tx_0007063,2025-06-20 10:04:21,MSFT,305.74,502,sell,NASDAQ
tx_0003562,2025-06-20 10:04:21,TSLA,691.72,580,buy,NASDAQ
tx_0008337,2025-06-20 10:04:22,PYPL,256.8,336,buy,NASDAQ
tx_0005942,2025-06-20 10:04:23,AMZN,3522.62,152,buy,NASDAQ
tx_0004001,2025-06-20 10:04:24,MA,355.29,656,sell,NYSE
tx_0001729,2025-06-20 10:04:28,ADBE,609.55,988,buy,NASDAQ
tx_0004164,2025-06-20 10:04:29,MSFT,303.06,171,sell,NASDAQ
tx_0007712,2025-06-20 10:04:32,PEP,152.85,966,buy,NYSE
tx_0002712,2025-06-20 10:04:39,TSLA,693.6,283,buy,NASDAQ
tx_0004583,2025-06-20 10:04:41,DIS,185.82,240,sell,NYSE
tx_0004509,2025-06-20 10:04:47,TSLA,690.08,867,sell,NASDAQ
tx_0006701,2025-06-20 10:04:47,JNJ,168.42,853,sell,NYSE
tx_0000665,2025-06-20 10:04:53,AAPL,155.0,626,buy,NASDAQ
tx_0000819,2025-06-20 10:04:57,ADBE,606.42,726,sell,NASDAQ
tx_0008277,2025-06-20 10:04:57,PEP,154.69,699,buy,NYSE
tx_0009932,2025-06-20 10:04:57,PYPL,255.35,336,sell,NASDAQ
tx_0001712,2025-06-20 10:05:00,DIS,184.02,995,sell,NYSE
tx_0007164,2025-06-20 10:05:00,MA,354.09,864,sell,NYSE
tx_0003358,2025-06-20 10:05:03,BRK.B,277.22,387,sell,NYSE
tx_0003641,2025-06-20 10:05:09,V,212.94,639,sell,NYSE
tx_0004595,2025-06-20 10:05:10,DIS,184.9,970,sell,NYSE
tx_0004454,2025-06-20 10:05:11,V,212.68,155,sell,NYSE
tx_0002923,2025-06-20 10:05:16,WMT,139.93,156,sell,NYSE
tx_0005733,2025-06-20 10:05:17,MSFT,302.68,447,sell,NASDAQ
tx_0007714,2025-06-20 10:05:18,DIS,185.33,129,buy,NYSE
tx_0007849,2025-06-20 10:05:20,TSLA,694.68,794,buy,NASDAQ
tx_0005975,2025-06-20 10:05:25,PEP,155.43,278,buy,NYSE
tx_0002475,2025-06-20 10:05:32,WMT,141.95,649,sell,NYSE
tx_0000109,2025-06-20 10:05:33,NFLX,507.17,901,sell,NASDAQ
tx_0004077,2025-06-20 10:05:33,PEP,153.45,800,buy,NYSE
tx_0000508,2025-06-20 10:05:35,AAPL,156.26,777,sell,NASDAQ
tx_0003532,2025-06-20 10:05:35,MSFT,304.87,433,sell,NASDAQ
tx_0005546,2025-06-20 10:05:38,ADBE,611.79,352,buy,NASDAQ
tx_0005258,2025-06-20 10:05:44,PG,144.85,294,sell,NYSE
tx_0009849,2025-06-20 10:05:46,MSFT,304.28,330,sell,NASDAQ
tx_0005246,2025-06-20 10:05:46,PYPL,254.18,624,buy,NASDAQ
tx_0006996,2025-06-20 10:05:52,MSFT,305.92,402,sell,NASDAQ
tx_0004262,2025-06-20 10:05:59,GOOGL,2913.62,348,sell,NASDAQ
tx_0009144,2025-06-20 10:06:03,ADBE,604.05,726,buy,NASDAQ
tx_0002793,2025-06-20 10:06:04,JNJ,,587,buy,NYSE
tx_0009294,2025-06-20 10:06:04,V,215.14,337,buy,NYSE
tx_0009744,2025-06-20 10:06:04,PG,145.17,168,buy,NYSE
tx_0006970,2025-06-20 10:06:06,MSFT,303.55,175,,NASDAQ
tx_0000850,2025-06-20 10:06:09,MSFT,308.11,371,sell,NASDAQ
tx_0009336,2025-06-20 10:06:13,DIS,184.81,231,buy,NYSE
tx_0001051,2025-06-20 10:06:15,ADBE,609.98,952,buy,NASDAQ
tx_0008718,2025-06-20 10:06:16,NVDA,196.58,354,buy,NASDAQ
tx_0003461,2025-06-20 10:06:17,PEP,155.95,188,sell,NYSE
tx_0000659,2025-06-20 10:06:19,NVDA,195.72,184,sell,NASDAQ
tx_0004377,2025-06-20 10:06:21,ADBE,606.31,561,sell,NASDAQ
tx_0001464,2025-06-20 10:06:22,V,215.27,956,sell,NYSE
tx_0000870,2025-06-20 10:06:24,MA,355.6,770,sell,NYSE
tx_0009906,2025-06-20 10:06:28,MCD,243.65,818,sell,NYSE
tx_0001364,2025-06-20 10:06:31,MCD,246.64,504,buy,NYSE
tx_0000947,2025-06-20 10:06:32,FB,327.83,262,buy,NASDAQ
tx_0006987,2025-06-20 10:06:33,MCD,245.81,266,buy,NYSE
tx_0002697,2025-06-20 10:06:39,MSFT,306.68,542,sell,NASDAQ
tx_0005026,2025-06-20 10:06:40,AAPL,156.03,139,buy,NASDAQ
tx_0006544,2025-06-20 10:06:40,WMT,140.95,332,,NYSE
tx_0005568,2025-06-20 10:06:41,JNJ,170.14,158,sell,NYSE
tx_0007631,2025-06-20 10:06:42,V,214.5,512,buy,NYSE
tx_0006651,2025-06-20 10:06:43,FB,330.8,722,sell,NASDAQ
tx_0003456,2025-06-20 10:06:47,TSLA,694.31,577,buy,NASDAQ
tx_0009604,2025-06-20 10:06:51,BRK.B,280.67,422,sell,NYSE
tx_0004044,2025-06-20 10:06:54,AAPL,155.45,529,sell,NASDAQ
tx_0004330,2025-06-20 10:06:55,AMZN,3550.31,701,sell,NASDAQ
tx_0008065,2025-06-20 10:06:59,PG,144.2,629,buy,NYSE
tx_0000935,2025-06-20 10:07:00,MA,352.29,689,buy,NYSE
tx_0000872,2025-06-20 10:07:01,NVDA,196.55,217,sell,NASDAQ
tx_0009715,2025-06-20 10:07:12,V,214.0,848,buy,NYSE
tx_0004450,2025-06-20 10:07:17,PG,144.52,924,sell,NYSE
tx_0008126,2025-06-20 10:07:18,TSLA,685.4,843,sell,NASDAQ
tx_0002637,2025-06-20 10:07:19,NVDA,,989,sell,NASDAQ
tx_0002963,2025-06-20 10:07:21,NVDA,199.04,430,sell,NASDAQ
tx_0007680,2025-06-20 10:07:22,MCD,247.2,463,sell,NYSE
tx_0001002,2025-06-20 10:07:22,JNJ,168.79,830,buy,NYSE
tx_0003478,2025-06-20 10:07:25,JNJ,170.44,216,buy,NYSE
tx_0004637,2025-06-20 10:07:25,MA,355.16,234,sell,NYSE
tx_0008269,2025-06-20 10:07:25,PEP,153.27,542,sell,NYSE
tx_0009835,2025-06-20 10:07:26,V,214.45,101,buy,NYSE
tx_0009440,2025-06-20 10:07:34,PG,144.11,844,buy,NYSE
tx_0002940,2025-06-20 10:07:39,JNJ,169.56,172,sell,NYSE
tx_0003748,2025-06-20 10:07:43,V,212.58,996,buy,NYSE
tx_0000728,2025-06-20 10:07:43,NFLX,501.93,173,buy,NASDAQ
tx_0008766,2025-06-20 10:07:44,GOOGL,2957.8,632,buy,NASDAQ
tx_0005128,2025-06-20 10:07:45,AMZN,3528.33,517,buy,NASDAQ
tx_0007327,2025-06-20 10:07:48,JNJ,168.62,414,buy,NYSE
tx_0008647,2025-06-20 10:07:49,PG,143.07,417,sell,NYSE
tx_0009353,2025-06-20 10:07:55,GOOGL,2926.55,434,sell,NASDAQ
tx_0008753,2025-06-20 10:08:00,KO,54.0,748,buy,NYSE
tx_0002236,2025-06-20 10:08:05,JNJ,170.03,1000,buy,NYSE
tx_0002629,2025-06-20 10:08:06,DIS,185.36,257,sell,NYSE
tx_0004753,2025-06-20 10:08:08,MCD,247.73,511,sell,NYSE
tx_0004975,2025-06-20 10:08:10,NFLX,498.37,980,sell,NASDAQ
tx_0002300,2025-06-20 10:08:11,TSLA,688.78,633,sell,NASDAQ
tx_0002572,2025-06-20 10:08:19,NFLX,504.24,489,sell,NASDAQ
tx_0005448,2025-06-20 10:08:20,FB,330.38,645,buy,NASDAQ
tx_0006099,2025-06-20 10:08:21,PYPL,255.67,969,buy,NASDAQ
tx_0002042,2025-06-20 10:08:21,MA,351.15,270,buy,NYSE
tx_0007929,2025-06-20 10:08:23,AAPL,154.27,654,sell,NASDAQ
tx_0001830,2025-06-20 10:08:27,BRK.B,274.59,368,sell,NYSE
tx_0001186,2025-06-20 10:08:27,KO,53.61,117,buy,NYSE
tx_0006401,2025-06-20 10:08:30,TSLA,698.35,360,sell,NASDAQ
tx_0009045,2025-06-20 10:08:30,PYPL,253.38,432,sell,NASDAQ
tx_0004692,2025-06-20 10:08:31,PEP,152.19,573,buy,NYSE
tx_0001769,2025-06-20 10:08:31,ADBE,614.0,405,buy,NASDAQ
tx_0006148,2025-06-20 10:08:32,BRK.B,276.53,836,buy,NYSE
tx_0007991,2025-06-20 10:08:38,PEP,153.08,592,buy,NYSE
tx_0003623,2025-06-20 10:08:39,PYPL,256.56,697,sell,NASDAQ
tx_0009907,2025-06-20 10:08:40,ADBE,617.66,661,buy,NASDAQ
tx_0005650,2025-06-20 10:08:45,TSLA,700.81,135,buy,NASDAQ
tx_0004130,2025-06-20 10:08:46,V,213.71,288,sell,NYSE
tx_0008442,2025-06-20 10:08:49,BRK.B,277.17,891,buy,NYSE
tx_0005609,2025-06-20 10:08:49,AAPL,154.07,153,buy,NASDAQ
tx_0008358,2025-06-20 10:08:51,WMT,141.63,784,sell,NYSE
tx_0005585,2025-06-20 10:08:52,NFLX,508.93,441,sell,NASDAQ
tx_0009228,2025-06-20 10:08:56,ADBE,616.67,887,buy,NASDAQ
tx_0002947,2025-06-20 10:08:56,KO,,551,sell,NYSE
tx_0004822,2025-06-20 10:09:00,MSFT,301.73,431,buy,NASDAQ
tx_0008167,2025-06-20 10:09:04,V,216.51,1000,buy,NYSE
tx_0007725,2025-06-20 10:09:04,PYPL,254.84,143,buy,NASDAQ
tx_0002794,2025-06-20 10:09:08,AMZN,3564.98,730,sell,NASDAQ
tx_0000917,2025-06-20 10:09:14,NVDA,195.99,196,buy,NASDAQ
tx_0006444,2025-06-20 10:09:14,KO,53.91,561,sell,NYSE
tx_0004057,2025-06-20 10:09:14,KO,53.82,663,sell,NYSE
tx_0006984,2025-06-20 10:09:14,BRK.B,280.62,838,sell,NYSE
tx_0005400,2025-06-20 10:09:17,PG,143.33,363,buy,NYSE
tx_0003729,2025-06-20 10:09:17,MCD,246.54,598,buy,NYSE
tx_0006603,2025-06-20 10:09:18,KO,54.1,750,sell,NYSE
tx_0001494,2025-06-20 10:09:18,AAPL,154.5,459,buy,NASDAQ
tx_0005147,2025-06-20 10:09:21,AMZN,3548.66,525,buy,NASDAQ
tx_0009774,2025-06-20 10:09:25,MA,352.82,101,buy,NYSE
tx_0007891,2025-06-20 10:09:26,NVDA,198.73,641,sell,NASDAQ
tx_0004696,2025-06-20 10:09:26,NVDA,197.4,270,sell,NASDAQ
tx_0009251,2025-06-20 10:09:27,DIS,185.12,817,sell,NYSE
tx_0001732,2025-06-20 10:09:27,AAPL,154.37,406,buy,NASDAQ
tx_0002127,2025-06-20 10:09:29,DIS,184.04,294,buy,NYSE
tx_0005536,2025-06-20 10:09:31,BRK.B,276.92,747,buy,NYSE
tx_0005159,2025-06-20 10:09:37,GOOGL,2918.26,282,buy,NASDAQ
tx_0007570,2025-06-20 10:09:39,NVDA,199.39,428,buy,NASDAQ
tx_0003328,2025-06-20 10:09:42,KO,54.38,418,sell,NYSE
tx_0005344,2025-06-20 10:09:43,PEP,153.09,156,buy,NYSE
tx_0008483,2025-06-20 10:09:44,PG,143.81,137,sell,
tx_0001206,2025-06-20 10:09:45,MA,353.29,749,buy,NYSE
tx_0008922,2025-06-20 10:09:46,FB,325.9,229,buy,NASDAQ
tx_0002693,2025-06-20 10:09:47,NVDA,196.99,919,sell,NASDAQ
tx_0008194,2025-06-20 10:09:49,DIS,187.88,361,,NYSE
tx_0002085,2025-06-20 10:09:50,TSLA,701.78,391,buy,NASDAQ
tx_0000219,2025-06-20 10:09:52,MSFT,300.02,866,buy,NASDAQ
tx_0002708,2025-06-20 10:09:52,PYPL,253.72,246,sell,NASDAQ
tx_0007600,2025-06-20 10:09:53,AMZN,3512.27,299,buy,NASDAQ
tx_0005906,2025-06-20 10:10:00,NFLX,505.04,453,buy,NASDAQ
tx_0005002,2025-06-20 10:10:00,V,216.89,790,sell,NYSE
tx_0003962,2025-06-20 10:10:00,ADBE,608.94,209,buy,NASDAQ
tx_0004148,2025-06-20 10:10:01,WMT,139.94,794,buy,NYSE
tx_0003180,2025-06-20 10:10:05,GOOGL,2956.16,823,sell,NASDAQ
tx_0007836,2025-06-20 10:10:06,NVDA,197.2,297,buy,NASDAQ
tx_0002755,2025-06-20 10:10:09,MCD,244.96,728,buy,NYSE
tx_0003150,2025-06-20 10:10:12,PYPL,257.15,185,buy,NASDAQ
tx_0008635,2025-06-20 10:10:13,KO,54.2,754,sell,NYSE
tx_0003928,2025-06-20 10:10:15,PEP,153.22,842,buy,NYSE
tx_0003684,2025-06-20 10:10:17,JNJ,169.19,486,sell,NYSE
tx_0009396,2025-06-20 10:10:17,PEP,152.4,171,sell,NYSE
tx_0006654,2025-06-20 10:10:20,PG,143.92,473,buy,NYSE
tx_0000951,2025-06-20 10:10:28,MA,349.31,865,sell,NYSE
tx_0000334,2025-06-20 10:10:30,TSLA,691.86,325,sell,NASDAQ
tx_0002987,2025-06-20 10:10:31,DIS,184.47,498,buy,NYSE
tx_0009962,2025-06-20 10:10:32,MCD,247.98,749,buy,NYSE
tx_0000675,2025-06-20 10:10:32,BRK.B,274.53,907,buy,NYSE
tx_0007235,2025-06-20 10:10:39,MCD,247.57,654,buy,NYSE
tx_0001534,2025-06-20 10:10:39,PYPL,257.48,414,buy,NASDAQ
tx_0004205,2025-06-20 10:10:41,KO,54.08,542,,NYSE
tx_0000971,2025-06-20 10:10:45,KO,54.28,544,sell,NYSE
tx_0006863,2025-06-20 10:10:47,WMT,139.65,929,sell,NYSE
tx_0004649,2025-06-20 10:10:48,BRK.B,277.36,872,buy,NYSE
tx_0008776,2025-06-20 10:10:52,MA,352.32,984,buy,NYSE
tx_0003429,2025-06-20 10:10:57,JNJ,168.61,198,buy,NYSE
tx_0007460,2025-06-20 10:10:59,KO,53.82,831,sell,NYSE
tx_0001020,2025-06-20 10:11:11,PEP,153.64,191,sell,NYSE
tx_0000248,2025-06-20 10:11:16,FB,327.02,543,buy,NASDAQ
tx_0006565,2025-06-20 10:11:16,GOOGL,2954.59,682,sell,NASDAQ
tx_0004610,2025-06-20 10:11:20,WMT,139.52,893,buy,NYSE
tx_0004992,2025-06-20 10:11:22,PYPL,256.71,239,sell,NASDAQ
tx_0006209,2025-06-20 10:11:25,DIS,187.78,730,buy,NYSE
tx_0004548,2025-06-20 10:11:26,FB,329.61,372,sell,NASDAQ
tx_0005079,2025-06-20 10:11:30,MSFT,304.35,526,sell,NASDAQ
tx_0009748,2025-06-20 10:11:32,NFLX,504.51,416,buy,NASDAQ
tx_0001063,2025-06-20 10:11:35,PG,141.33,795,sell,NYSE
tx_0007529,2025-06-20 10:11:35,WMT,140.21,141,sell,NYSE
tx_0007542,2025-06-20 10:11:37,AAPL,155.68,488,buy,NASDAQ
tx_0004400,2025-06-20 10:11:39,TSLA,703.09,417,buy,NASDAQ
tx_0003662,2025-06-20 10:11:39,BRK.B,278.67,820,buy,NYSE
tx_0006225,2025-06-20 10:11:53,GOOGL,2953.32,332,buy,NASDAQ
tx_0004543,2025-06-20 10:11:56,AAPL,154.29,556,buy,NASDAQ
tx_0008428,2025-06-20 10:12:01,NFLX,508.01,455,sell,NASDAQ
tx_0001959,2025-06-20 10:12:02,WMT,141.12,271,buy,NYSE
tx_0003564,2025-06-20 10:12:02,MCD,245.57,807,buy,NYSE
tx_0004857,2025-06-20 10:12:04,PG,142.58,994,buy,NYSE
tx_0006623,2025-06-20 10:12:09,NVDA,197.8,296,buy,NASDAQ
tx_0000899,2025-06-20 10:12:11,PYPL,254.95,782,buy,NASDAQ
tx_0002209,2025-06-20 10:12:12,ADBE,609.1,483,sell,NASDAQ
tx_0002344,2025-06-20 10:12:14,PG,141.47,720,buy,NYSE
tx_0006965,2025-06-20 10:12:24,PEP,154.83,253,buy,NYSE
tx_0001680,2025-06-20 10:12:27,PYPL,254.77,161,buy,NASDAQ
tx_0008867,2025-06-20 10:12:29,MSFT,304.32,766,buy,NASDAQ
tx_0009648,2025-06-20 10:12:32,PEP,153.9,155,buy,NYSE
tx_0006202,2025-06-20 10:12:36,TSLA,701.02,212,sell,NASDAQ
tx_0000413,2025-06-20 10:12:37,BRK.B,275.51,914,sell,NYSE
tx_0002927,2025-06-20 10:12:42,TSLA,698.24,834,buy,NASDAQ
tx_0000220,2025-06-20 10:12:43,ADBE,608.95,556,sell,NASDAQ
tx_0007633,2025-06-20 10:12:45,NVDA,197.04,603,sell,NASDAQ
tx_0001221,2025-06-20 10:12:47,V,217.65,479,sell,NYSE
tx_0008351,2025-06-20 10:12:51,DIS,184.94,315,buy,NYSE
tx_0007610,2025-06-20 10:12:51,MA,353.05,222,sell,NYSE
tx_0007764,2025-06-20 10:12:55,BRK.B,277.04,282,,NYSE
tx_0002388,2025-06-20 10:12:56,BRK.B,277.17,986,buy,NYSE
tx_0008821,2025-06-20 10:12:57,MSFT,307.8,399,buy,NASDAQ
tx_0006503,2025-06-20 10:12:59,PEP,152.57,227,,NYSE
tx_0001938,2025-06-20 10:12:59,TSLA,702.68,515,buy,NASDAQ
tx_0005533,2025-06-20 10:13:01,TSLA,699.49,158,sell,NASDAQ
tx_0009070,2025-06-20 10:13:04,AMZN,3531.39,183,buy,NASDAQ
tx_0003923,2025-06-20 10:13:20,MCD,246.85,903,sell,NYSE
tx_0005815,2025-06-20 10:13:22,PYPL,253.61,574,buy,NASDAQ
tx_0002906,2025-06-20 10:13:29,ADBE,616.66,457,sell,NASDAQ
tx_0007839,2025-06-20 10:13:30,AAPL,153.99,854,sell,NASDAQ
tx_0008552,2025-06-20 10:13:30,BRK.B,275.56,304,buy,NYSE
tx_0003545,2025-06-20 10:13:31,DIS,187.1,936,sell,
tx_0008586,2025-06-20 10:13:35,PEP,153.92,577,buy,NYSE
tx_0005364,2025-06-20 10:13:38,PYPL,256.44,256,sell,NASDAQ
tx_0003021,2025-06-20 10:13:40,PEP,153.46,886,sell,NYSE
tx_0004636,2025-06-20 10:13:42,AMZN,3529.2,148,buy,NASDAQ
tx_0000240,2025-06-20 10:13:42,PYPL,255.1,923,buy,NASDAQ
tx_0000779,2025-06-20 10:13:43,FB,328.36,651,sell,NASDAQ
tx_0001260,2025-06-20 10:13:43,MCD,245.82,786,buy,NYSE
tx_0008085,2025-06-20 10:13:44,BRK.B,277.34,875,buy,NYSE
tx_0006861,2025-06-20 10:13:45,ADBE,614.26,861,buy,NASDAQ
tx_0002358,2025-06-20 10:13:48,FB,324.87,845,buy,NASDAQ
tx_0008301,2025-06-20 10:13:49,WMT,140.56,167,sell,NYSE
tx_0002773,2025-06-20 10:13:54,MSFT,308.61,691,sell,NASDAQ
tx_0000450,2025-06-20 10:13:58,DIS,184.29,420,buy,NYSE
tx_0001445,2025-06-20 10:14:00,DIS,185.7,666,sell,NYSE
tx_0004584,2025-06-20 10:14:00,DIS,186.64,735,buy,NYSE
tx_0002483,2025-06-20 10:14:01,MCD,248.76,770,sell,NYSE
tx_0008805,2025-06-20 10:14:04,TSLA,692.31,511,sell,NASDAQ
tx_0003320,2025-06-20 10:14:05,BRK.B,278.04,480,sell,NYSE
tx_0007469,2025-06-20 10:14:07,MA,353.49,493,buy,NYSE
tx_0007505,2025-06-20 10:14:09,WMT,139.86,572,buy,NYSE
tx_0003856,2025-06-20 10:14:09,PEP,155.1,702,sell,NYSE
tx_0005618,2025-06-20 10:14:16,PG,142.22,226,buy,NYSE
tx_0007522,2025-06-20 10:14:17,NVDA,195.42,798,buy,NASDAQ
tx_0004733,2025-06-20 10:14:17,DIS,185.72,490,sell,NYSE
tx_0009831,2025-06-20 10:14:19,FB,323.83,996,sell,NASDAQ
tx_0001360,2025-06-20 10:14:19,NFLX,499.63,600,buy,NASDAQ
tx_0003440,2025-06-20 10:14:19,AAPL,154.87,988,sell,NASDAQ
tx_0004982,2025-06-20 10:14:21,PYPL,258.29,968,sell,NASDAQ
tx_0008229,2025-06-20 10:14:25,AAPL,155.09,713,buy,NASDAQ
tx_0009039,2025-06-20 10:14:31,GOOGL,2974.58,676,buy,NASDAQ
tx_0008335,2025-06-20 10:14:31,PEP,152.98,928,sell,NYSE
tx_0007793,2025-06-20 10:14:31,MCD,249.1,249,sell,NYSE
tx_0003674,2025-06-20 10:14:34,AMZN,3505.89,148,sell,NASDAQ
tx_0005112,2025-06-20 10:14:35,NFLX,504.83,790,sell,NASDAQ
tx_0008305,2025-06-20 10:14:36,WMT,140.59,759,buy,NYSE
tx_0002584,2025-06-20 10:14:38,NFLX,500.71,242,sell,NASDAQ
tx_0000692,2025-06-20 10:14:42,ADBE,617.41,924,sell,NASDAQ
tx_0007923,2025-06-20 10:14:44,PEP,154.7,974,buy,NYSE
tx_0006480,2025-06-20 10:14:44,AMZN,3540.96,682,buy,NASDAQ
tx_0005786,2025-06-20 10:14:46,ADBE,615.27,834,sell,NASDAQ
tx_0004325,2025-06-20 10:14:52,AAPL,153.46,435,buy,NASDAQ
tx_0002861,2025-06-20 10:14:54,BRK.B,279.5,260,sell,NYSE
tx_0005474,2025-06-20 10:14:58,TSLA,688.87,230,sell,NASDAQ
tx_0000842,2025-06-20 10:14:59,MSFT,304.22,439,buy,NASDAQ
tx_0008714,2025-06-20 10:15:03,WMT,141.22,390,sell,NYSE
tx_0007465,2025-06-20 10:15:03,MA,352.95,969,sell,NYSE
tx_0006865,2025-06-20 10:15:06,MSFT,310.05,113,sell,NASDAQ
tx_0009630,2025-06-20 10:15:09,DIS,185.96,810,buy,NYSE
tx_0000866,2025-06-20 10:15:09,DIS,186.67,562,buy,NYSE
tx_0006306,2025-06-20 10:15:13,GOOGL,2959.55,215,buy,NASDAQ
tx_0001389,2025-06-20 10:15:16,PYPL,254.08,814,sell,NASDAQ
tx_0006469,2025-06-20 10:15:18,V,217.58,552,buy,NYSE
tx_0000799,2025-06-20 10:15:19,FB,330.38,230,sell,NASDAQ
tx_0003636,2025-06-20 10:15:22,TSLA,693.16,897,sell,NASDAQ
tx_0006253,2025-06-20 10:15:22,JNJ,169.35,229,sell,NYSE
tx_0004968,2025-06-20 10:15:23,AMZN,3526.64,462,buy,NASDAQ
tx_0008375,2025-06-20 10:15:33,PG,143.7,240,sell,NYSE
tx_0000817,2025-06-20 10:15:37,KO,54.11,421,buy,NYSE
tx_0007273,2025-06-20 10:15:42,TSLA,695.9,318,buy,NASDAQ
tx_0000739,2025-06-20 10:15:45,AMZN,3543.28,465,sell,NASDAQ
tx_0004210,2025-06-20 10:15:46,AAPL,155.62,538,buy,NASDAQ
tx_0008471,2025-06-20 10:15:46,AAPL,154.94,582,sell,NASDAQ
tx_0001631,2025-06-20 10:15:53,ADBE,620.83,505,buy,NASDAQ
tx_0002776,2025-06-20 10:16:00,FB,328.21,321,sell,NASDAQ
tx_0004064,2025-06-20 10:16:02,PYPL,256.63,373,buy,NASDAQ
tx_0009954,2025-06-20 10:16:02,PG,142.57,465,buy,NYSE
tx_0005555,2025-06-20 10:16:06,KO,54.22,594,buy,NYSE
tx_0005594,2025-06-20 10:16:12,MCD,244.94,999,buy,NYSE
tx_0000785,2025-06-20 10:16:12,PG,143.58,236,sell,NYSE
tx_0000016,2025-06-20 10:16:20,MA,349.17,869,buy,NYSE
tx_0004603,2025-06-20 10:16:21,BRK.B,278.02,651,sell,NYSE
tx_0009272,2025-06-20 10:16:22,MA,347.18,814,buy,NYSE
tx_0007818,2025-06-20 10:16:23,DIS,187.94,786,buy,NYSE
tx_0008750,2025-06-20 10:16:24,MA,345.52,854,buy,NYSE
tx_0008662,2025-06-20 10:16:27,TSLA,693.43,660,buy,NASDAQ
tx_0001283,2025-06-20 10:16:27,MCD,243.7,213,buy,NYSE
tx_0004284,2025-06-20 10:16:27,WMT,139.34,700,sell,NYSE
tx_0002862,2025-06-20 10:16:27,PG,142.64,284,buy,NYSE
tx_0009455,2025-06-20 10:16:28,GOOGL,2962.35,303,buy,NASDAQ
tx_0005031,2025-06-20 10:16:31,MCD,243.82,266,sell,NYSE
tx_0003399,2025-06-20 10:16:34,NFLX,497.45,946,sell,NASDAQ
tx_0002258,2025-06-20 10:16:35,DIS,186.44,160,sell,NYSE
tx_0001018,2025-06-20 10:16:42,NFLX,496.73,126,buy,NASDAQ
tx_0008831,2025-06-20 10:16:44,JNJ,168.38,369,sell,NYSE
tx_0006799,2025-06-20 10:16:47,TSLA,692.08,300,sell,NASDAQ
tx_0001610,2025-06-20 10:16:48,BRK.B,281.71,873,buy,NYSE
tx_0004694,2025-06-20 10:16:51,WMT,140.85,276,sell,NYSE
tx_0002225,2025-06-20 10:16:53,KO,53.73,329,sell,NYSE
tx_0007673,2025-06-20 10:16:54,TSLA,687.63,266,buy,NASDAQ
tx_0003402,2025-06-20 10:17:01,MA,346.24,435,sell,NYSE
tx_0000128,2025-06-20 10:17:03,WMT,139.41,287,sell,NYSE
tx_0004059,2025-06-20 10:17:03,AAPL,155.61,277,buy,NASDAQ
tx_0008292,2025-06-20 10:17:03,PYPL,253.03,375,sell,NASDAQ
tx_0006216,2025-06-20 10:17:05,V,215.02,580,buy,NYSE
tx_0006991,2025-06-20 10:17:08,PG,143.27,973,sell,NYSE
tx_0000658,2025-06-20 10:17:14,AMZN,3550.32,798,buy,NASDAQ
tx_0002478,2025-06-20 10:17:15,MCD,,161,buy,NYSE
tx_0009203,2025-06-20 10:17:19,PEP,154.5,931,sell,NYSE
tx_0006268,2025-06-20 10:17:20,GOOGL,2947.36,434,sell,NASDAQ
tx_0002893,2025-06-20 10:17:22,NVDA,196.06,657,buy,NASDAQ
tx_0004873,2025-06-20 10:17:26,TSLA,688.57,460,buy,NASDAQ
tx_0008214,2025-06-20 10:17:28,JNJ,170.21,470,buy,NYSE
tx_0002417,2025-06-20 10:17:31,BRK.B,276.15,879,buy,NYSE
tx_0001700,2025-06-20 10:17:32,KO,54.41,894,buy,NYSE
tx_0005792,2025-06-20 10:17:36,MA,347.03,518,sell,NYSE
tx_0007249,2025-06-20 10:17:39,TSLA,684.16,134,buy,NASDAQ
tx_0006783,2025-06-20 10:17:43,DIS,186.13,477,sell,NYSE
tx_0003987,2025-06-20 10:17:43,BRK.B,276.2,934,buy,NYSE
tx_0006398,2025-06-20 10:17:43,GOOGL,2929.75,818,buy,NASDAQ
tx_0008899,2025-06-20 10:17:44,PG,142.23,291,buy,NYSE
tx_0001869,2025-06-20 10:17:44,MA,346.79,401,sell,NYSE
tx_0000559,2025-06-20 10:17:46,PG,142.63,317,buy,NYSE
tx_0009190,2025-06-20 10:17:50,MSFT,304.53,752,sell,NASDAQ
tx_0002722,2025-06-20 10:17:57,PYPL,256.21,801,buy,NASDAQ
tx_0001783,2025-06-20 10:18:00,GOOGL,2953.17,908,buy,NASDAQ
tx_0005180,2025-06-20 10:18:02,NVDA,194.79,793,sell,NASDAQ
tx_0002222,2025-06-20 10:18:02,FB,323.48,205,sell,NASDAQ
tx_0008804,2025-06-20 10:18:19,MCD,245.93,569,buy,NYSE
tx_0000953,2025-06-20 10:18:23,KO,54.52,836,buy,NYSE
tx_0004144,2025-06-20 10:18:27,WMT,138.12,337,buy,NYSE
tx_0007282,2025-06-20 10:18:30,GOOGL,2930.95,470,buy,NASDAQ
tx_0000476,2025-06-20 10:18:30,GOOGL,2959.96,660,sell,NASDAQ
tx_0008234,2025-06-20 10:18:31,MA,348.8,508,sell,NYSE
tx_0004867,2025-06-20 10:18:34,BRK.B,275.42,870,buy,NYSE
tx_0008738,2025-06-20 10:18:35,ADBE,620.52,892,buy,NASDAQ
tx_0004720,2025-06-20 10:18:35,PYPL,251.27,597,sell,NASDAQ
tx_0009487,2025-06-20 10:18:36,WMT,139.72,814,buy,NYSE
tx_0009777,2025-06-20 10:18:37,KO,54.04,850,sell,NYSE
tx_0007556,2025-06-20 10:18:38,PYPL,255.48,280,sell,NASDAQ
tx_0004139,2025-06-20 10:18:39,JNJ,171.81,259,sell,NYSE
tx_0001461,2025-06-20 10:18:48,MSFT,305.54,263,buy,NASDAQ
tx_0007419,2025-06-20 10:18:50,MSFT,307.74,540,sell,NASDAQ
tx_0008630,2025-06-20 10:18:51,ADBE,617.3,649,buy,NASDAQ
tx_0004027,2025-06-20 10:18:55,MA,350.73,728,sell,NYSE
tx_0004440,2025-06-20 10:18:55,MCD,244.7,430,sell,NYSE
tx_0002135,2025-06-20 10:18:58,PG,142.27,296,buy,NYSE
tx_0003221,2025-06-20 10:19:05,V,213.57,509,sell,NYSE
tx_0000630,2025-06-20 10:19:05,BRK.B,278.6,244,buy,NYSE
tx_0005405,2025-06-20 10:19:06,MA,352.25,945,buy,NYSE
tx_0001654,2025-06-20 10:19:06,PYPL,252.35,726,sell,NASDAQ
tx_0006994,2025-06-20 10:19:07,GOOGL,2993.63,381,buy,NASDAQ
tx_0001067,2025-06-20 10:19:13,NVDA,195.42,287,sell,NASDAQ
tx_0007085,2025-06-20 10:19:14,FB,327.04,179,buy,NASDAQ
tx_0009762,2025-06-20 10:19:17,JNJ,170.39,202,buy,NYSE
tx_0006016,2025-06-20 10:19:18,BRK.B,277.93,939,sell,NYSE
tx_0006540,2025-06-20 10:19:18,WMT,139.43,807,buy,NYSE
tx_0009801,2025-06-20 10:19:20,AMZN,3567.26,385,buy,NASDAQ
tx_0001022,2025-06-20 10:19:20,NVDA,191.97,371,buy,NASDAQ
tx_0000187,2025-06-20 10:19:21,DIS,185.83,186,buy,NYSE
tx_0007107,2025-06-20 10:19:21,BRK.B,276.85,168,buy,NYSE
tx_0000982,2025-06-20 10:19:22,MA,348.76,829,sell,NYSE
tx_0008981,2025-06-20 10:19:22,KO,54.04,183,sell,NYSE
tx_0000912,2025-06-20 10:19:24,GOOGL,2993.09,376,buy,NASDAQ
tx_0009171,2025-06-20 10:19:26,PG,144.58,479,sell,NYSE
tx_0003799,2025-06-20 10:19:26,GOOGL,2975.4,418,sell,NASDAQ
tx_0003308,2025-06-20 10:19:27,PG,142.55,719,sell,NYSE
tx_0008420,2025-06-20 10:19:28,ADBE,615.57,967,buy,NASDAQ
tx_0008961,2025-06-20 10:19:29,FB,324.97,969,buy,NASDAQ
tx_0009664,2025-06-20 10:19:30,GOOGL,2950.78,782,sell,NASDAQ
tx_0006695,2025-06-20 10:19:30,AMZN,3534.8,274,sell,NASDAQ
tx_0005520,2025-06-20 10:19:33,KO,54.07,835,buy,NYSE
tx_0003969,2025-06-20 10:19:33,TSLA,694.0,162,buy,NASDAQ
tx_0003900,2025-06-20 10:19:36,PYPL,252.21,789,buy,NASDAQ
tx_0001321,2025-06-20 10:19:38,NFLX,495.04,715,sell,NASDAQ
tx_0002315,2025-06-20 10:19:38,KO,54.03,113,sell,NYSE
tx_0003168,2025-06-20 10:19:43,PEP,155.59,884,sell,NYSE
tx_0003664,2025-06-20 10:19:43,TSLA,694.64,903,sell,NASDAQ
tx_0006812,2025-06-20 10:19:45,BRK.B,278.24,603,buy,NYSE
tx_0006194,2025-06-20 10:19:48,NFLX,497.68,361,sell,NASDAQ
tx_0004079,2025-06-20 10:19:49,JNJ,170.9,584,buy,NYSE
tx_0007009,2025-06-20 10:19:55,PYPL,253.53,132,sell,NASDAQ
tx_0008556,2025-06-20 10:19:55,BRK.B,279.85,321,buy,NYSE
tx_0009224,2025-06-20 10:20:00,PYPL,255.57,791,sell,NASDAQ
tx_0009879,2025-06-20 10:20:07,MA,352.56,807,buy,NYSE
tx_0007905,2025-06-20 10:20:08,MCD,246.65,782,buy,NYSE
tx_0004199,2025-06-20 10:20:11,MSFT,306.23,355,buy,NASDAQ
tx_0006245,2025-06-20 10:20:15,KO,53.64,980,buy,NYSE
tx_0007476,2025-06-20 10:20:16,AMZN,3527.63,355,buy,NASDAQ
tx_0005203,2025-06-20 10:20:17,KO,53.88,474,buy,NYSE
tx_0008417,2025-06-20 10:20:18,WMT,139.19,671,sell,NYSE
tx_0000247,2025-06-20 10:20:18,V,217.64,215,sell,NYSE
tx_0008203,2025-06-20 10:20:22,GOOGL,2956.27,542,buy,NASDAQ
tx_0004546,2025-06-20 10:20:22,PG,141.77,777,sell,NYSE
tx_0001492,2025-06-20 10:20:23,DIS,184.99,251,sell,NYSE
tx_0003754,2025-06-20 10:20:23,PG,144.34,544,sell,NYSE
tx_0004848,2025-06-20 10:20:25,DIS,187.23,417,sell,NYSE
tx_0000694,2025-06-20 10:20:26,AAPL,154.05,254,sell,NASDAQ
tx_0006504,2025-06-20 10:20:29,MSFT,308.53,844,sell,NASDAQ
tx_0003868,2025-06-20 10:20:31,PEP,154.73,437,sell,NYSE
tx_0003163,2025-06-20 10:20:38,NFLX,497.09,416,sell,NASDAQ
tx_0002046,2025-06-20 10:20:39,PYPL,254.45,864,sell,NASDAQ
tx_0008444,2025-06-20 10:20:42,NVDA,192.91,952,sell,NASDAQ
tx_0006296,2025-06-20 10:20:44,V,214.08,918,buy,NYSE
tx_0001231,2025-06-20 10:20:45,MSFT,308.84,655,sell,NASDAQ
tx_0003665,2025-06-20 10:20:48,MSFT,305.09,211,sell,NASDAQ
tx_0009169,2025-06-20 10:20:49,PEP,155.67,199,sell,NYSE
tx_0008645,2025-06-20 10:20:50,MCD,243.06,475,sell,NYSE
tx_0008017,2025-06-20 10:20:53,NVDA,193.36,551,sell,NASDAQ
tx_0004862,2025-06-20 10:20:54,PEP,155.76,626,buy,NYSE
tx_0000529,2025-06-20 10:21:03,FB,327.07,321,buy,NASDAQ
tx_0002298,2025-06-20 10:21:07,FB,326.07,771,sell,NASDAQ
tx_0004734,2025-06-20 10:21:09,PEP,156.88,372,sell,NYSE
tx_0008025,2025-06-20 10:21:13,MA,354.86,296,sell,NYSE
tx_0002414,2025-06-20 10:21:13,MA,354.04,851,buy,NYSE
tx_0000597,2025-06-20 10:21:13,TSLA,697.58,635,buy,NASDAQ
tx_0009196,2025-06-20 10:21:13,JNJ,169.83,502,sell,NYSE
tx_0004231,2025-06-20 10:21:16,PEP,154.23,717,sell,NYSE
tx_0002249,2025-06-20 10:21:18,JNJ,169.16,704,sell,NYSE
tx_0000408,2025-06-20 10:21:24,MSFT,303.86,813,buy,NASDAQ
tx_0003844,2025-06-20 10:21:27,NFLX,497.61,181,sell,NASDAQ
tx_0004225,2025-06-20 10:21:28,FB,325.43,539,buy,NASDAQ
tx_0006371,2025-06-20 10:21:30,ADBE,622.33,989,buy,NASDAQ
tx_0007994,2025-06-20 10:21:33,PG,142.47,441,sell,NYSE
tx_0001525,2025-06-20 10:21:35,BRK.B,273.55,557,sell,NYSE
tx_0002960,2025-06-20 10:21:35,AAPL,155.65,586,sell,NASDAQ
tx_0009001,2025-06-20 10:21:35,PEP,153.53,580,sell,NYSE
tx_0003354,2025-06-20 10:21:40,PYPL,252.65,242,buy,NASDAQ
tx_0000279,2025-06-20 10:21:41,MCD,244.42,164,buy,NYSE
tx_0006981,2025-06-20 10:21:43,ADBE,608.06,341,buy,NASDAQ
tx_0006813,2025-06-20 10:21:44,ADBE,610.38,615,buy,NASDAQ
tx_0003902,2025-06-20 10:21:47,PEP,154.77,976,sell,NYSE
tx_0001998,2025-06-20 10:21:48,PG,144.41,771,buy,NYSE
tx_0003994,2025-06-20 10:21:51,ADBE,609.85,763,buy,NASDAQ
tx_0006436,2025-06-20 10:21:53,MA,355.4,100,buy,NYSE
tx_0003667,2025-06-20 10:21:55,PEP,153.67,853,buy,NYSE
tx_0000354,2025-06-20 10:21:58,MCD,241.7,162,buy,NYSE
tx_0002860,2025-06-20 10:22:00,TSLA,699.37,179,sell,NASDAQ
tx_0007590,2025-06-20 10:22:02,KO,53.7,234,buy,NYSE
tx_0006261,2025-06-20 10:22:02,MA,355.8,245,sell,NYSE
tx_0009450,2025-06-20 10:22:03,MA,352.72,228,buy,NYSE
tx_0004852,2025-06-20 10:22:03,MSFT,307.48,479,sell,NASDAQ
tx_0005346,2025-06-20 10:22:04,TSLA,702.09,648,sell,NASDAQ
tx_0002764,2025-06-20 10:22:05,MCD,243.81,381,buy,NYSE
tx_0003064,2025-06-20 10:22:06,AAPL,156.14,945,sell,NASDAQ
tx_0008332,2025-06-20 10:22:06,MA,349.86,714,buy,NYSE
tx_0003286,2025-06-20 10:22:11,KO,54.3,734,buy,NYSE
tx_0003337,2025-06-20 10:22:11,MA,355.28,936,sell,NYSE
tx_0009745,2025-06-20 10:22:13,PG,143.64,685,sell,NYSE
tx_0002865,2025-06-20 10:22:15,WMT,137.69,768,buy,NYSE
tx_0006044,2025-06-20 10:22:26,ADBE,610.42,308,buy,NASDAQ
tx_0008684,2025-06-20 10:22:27,PEP,154.58,353,sell,NYSE
tx_0000114,2025-06-20 10:22:30,PEP,155.46,904,buy,NYSE
tx_0003933,2025-06-20 10:22:32,NFLX,499.47,592,sell,NASDAQ
tx_0004207,2025-06-20 10:22:34,FB,325.62,877,buy,NASDAQ
tx_0000173,2025-06-20 10:22:36,NFLX,494.26,791,buy,NASDAQ
tx_0008876,2025-06-20 10:22:47,MCD,241.93,414,buy,NYSE
tx_0000990,2025-06-20 10:22:47,TSLA,689.15,676,sell,
tx_0008619,2025-06-20 10:22:48,PEP,155.2,845,sell,
tx_0000339,2025-06-20 10:22:48,FB,326.42,672,buy,NASDAQ
tx_0006333,2025-06-20 10:22:49,ADBE,613.57,507,sell,NASDAQ
tx_0001273,2025-06-20 10:22:53,FB,322.39,889,sell,NASDAQ
tx_0005440,2025-06-20 10:22:54,V,213.98,711,buy,NYSE
tx_0003213,2025-06-20 10:22:54,MSFT,306.35,521,sell,NASDAQ
tx_0004468,2025-06-20 10:22:54,PYPL,254.86,809,sell,NASDAQ
tx_0009064,2025-06-20 10:22:55,AAPL,157.48,751,sell,NASDAQ
tx_0008941,2025-06-20 10:22:56,PG,143.24,794,sell,
tx_0009511,2025-06-20 10:22:57,NVDA,193.42,219,sell,NASDAQ
tx_0001469,2025-06-20 10:22:57,MCD,243.65,389,sell,NYSE
tx_0001667,2025-06-20 10:22:59,NVDA,194.66,921,buy,NASDAQ
tx_0007790,2025-06-20 10:23:04,TSLA,697.08,745,buy,NASDAQ
tx_0004522,2025-06-20 10:23:05,NFLX,498.44,307,buy,NASDAQ
tx_0000272,2025-06-20 10:23:07,PYPL,255.8,577,buy,NASDAQ
tx_0008590,2025-06-20 10:23:14,MA,350.96,354,,NYSE
tx_0004633,2025-06-20 10:23:25,NVDA,193.05,391,sell,NASDAQ
tx_0002354,2025-06-20 10:23:25,TSLA,696.74,510,sell,NASDAQ
tx_0009651,2025-06-20 10:23:30,JNJ,170.06,693,sell,NYSE
tx_0008748,2025-06-20 10:23:35,PG,143.62,468,buy,NYSE
tx_0009413,2025-06-20 10:23:35,NFLX,492.08,329,sell,NASDAQ
tx_0002356,2025-06-20 10:23:35,ADBE,622.19,917,sell,NASDAQ
tx_0008436,2025-06-20 10:23:37,GOOGL,3020.21,326,buy,NASDAQ
tx_0007245,2025-06-20 10:23:41,GOOGL,3013.9,580,buy,NASDAQ
tx_0006445,2025-06-20 10:23:41,V,217.27,831,buy,NYSE
tx_0002916,2025-06-20 10:23:42,PG,144.85,281,sell,NYSE
tx_0000276,2025-06-20 10:23:42,WMT,138.8,730,buy,NYSE
tx_0007546,2025-06-20 10:23:43,MCD,244.69,122,sell,NYSE
tx_0008179,2025-06-20 10:23:44,FB,322.77,181,buy,NASDAQ
tx_0008481,2025-06-20 10:23:47,FB,323.73,726,buy,NASDAQ
tx_0003174,2025-06-20 10:23:47,BRK.B,275.82,329,buy,NYSE
tx_0001672,2025-06-20 10:23:47,WMT,137.95,620,buy,NYSE
tx_0008960,2025-06-20 10:23:48,MA,352.4,240,buy,NYSE
tx_0006255,2025-06-20 10:23:49,PG,142.61,357,buy,NYSE
tx_0000918,2025-06-20 10:23:52,AMZN,3540.19,678,sell,NASDAQ
tx_0000887,2025-06-20 10:23:52,DIS,184.61,767,buy,NYSE
tx_0005678,2025-06-20 10:23:58,AAPL,156.75,756,buy,NASDAQ
tx_0002778,2025-06-20 10:24:00,WMT,138.69,775,buy,NYSE
tx_0007473,2025-06-20 10:24:00,PEP,153.25,139,buy,NYSE
tx_0007702,2025-06-20 10:24:02,AMZN,3552.76,819,buy,NASDAQ
tx_0008306,2025-06-20 10:24:04,MA,351.06,908,buy,NYSE
tx_0006834,2025-06-20 10:24:05,MA,,275,sell,NYSE
tx_0005380,2025-06-20 10:24:06,NVDA,195.57,639,sell,NASDAQ
tx_0000928,2025-06-20 10:24:08,KO,53.55,359,sell,NYSE
tx_0005595,2025-06-20 10:24:09,MA,351.5,768,,NYSE
tx_0005249,2025-06-20 10:24:12,NVDA,193.61,839,sell,NASDAQ
tx_0002078,2025-06-20 10:24:14,GOOGL,3027.3,982,sell,NASDAQ
tx_0008427,2025-06-20 10:24:15,NFLX,492.0,638,sell,NASDAQ
tx_0009042,2025-06-20 10:24:20,PEP,154.85,278,buy,NYSE
tx_0004553,2025-06-20 10:24:23,WMT,138.04,829,buy,
tx_0005557,2025-06-20 10:24:29,TSLA,684.7,691,buy,NASDAQ
tx_0006327,2025-06-20 10:24:35,DIS,185.1,496,,NYSE
tx_0000957,2025-06-20 10:24:36,WMT,138.73,681,sell,NYSE
tx_0003688,2025-06-20 10:24:39,NVDA,193.35,467,buy,NASDAQ
tx_0000902,2025-06-20 10:24:40,ADBE,614.22,573,buy,NASDAQ
tx_0000929,2025-06-20 10:24:40,ADBE,620.18,197,buy,NASDAQ
tx_0001011,2025-06-20 10:24:42,MSFT,308.47,805,sell,NASDAQ
tx_0000620,2025-06-20 10:24:42,FB,327.2,913,sell,NASDAQ
tx_0003092,2025-06-20 10:24:43,NFLX,491.58,360,sell,NASDAQ
tx_0004898,2025-06-20 10:24:47,TSLA,689.14,130,sell,NASDAQ
tx_0007988,2025-06-20 10:24:49,BRK.B,271.82,228,sell,NYSE
tx_0001488,2025-06-20 10:24:51,NVDA,195.35,291,buy,NASDAQ
tx_0009694,2025-06-20 10:24:52,MCD,242.23,833,sell,NYSE
tx_0004099,2025-06-20 10:24:52,WMT,138.6,565,sell,NYSE
tx_0003212,2025-06-20 10:24:53,AAPL,155.55,781,buy,NASDAQ
tx_0004117,2025-06-20 10:24:54,WMT,137.58,457,buy,NYSE
tx_0006368,2025-06-20 10:24:55,BRK.B,276.13,148,buy,NYSE
tx_0006258,2025-06-20 10:24:55,WMT,137.41,740,sell,NYSE
tx_0001579,2025-06-20 10:25:00,JNJ,171.17,257,,NYSE
tx_0009352,2025-06-20 10:25:01,FB,325.4,100,buy,NASDAQ
tx_0006525,2025-06-20 10:25:02,MA,352.39,246,buy,NYSE
tx_0008544,2025-06-20 10:25:03,JNJ,169.72,231,buy,NYSE
tx_0004436,2025-06-20 10:25:03,ADBE,613.33,307,sell,NASDAQ
tx_0009164,2025-06-20 10:25:05,AAPL,156.76,376,buy,NASDAQ
tx_0007831,2025-06-20 10:25:09,DIS,184.81,445,sell,NYSE
tx_0006374,2025-06-20 10:25:10,AMZN,3574.9,293,buy,NASDAQ
tx_0009341,2025-06-20 10:25:16,DIS,182.7,641,sell,NYSE
tx_0000574,2025-06-20 10:25:19,JNJ,169.88,640,buy,NYSE
tx_0005029,2025-06-20 10:25:21,KO,53.88,129,sell,NYSE
tx_0008585,2025-06-20 10:25:21,NVDA,193.07,332,buy,NASDAQ
tx_0003503,2025-06-20 10:25:29,KO,53.64,232,buy,NYSE
tx_0001258,2025-06-20 10:25:45,PG,143.45,618,sell,NYSE
tx_0005690,2025-06-20 10:25:47,DIS,183.35,568,sell,NYSE
tx_0003973,2025-06-20 10:25:53,AMZN,3563.99,142,buy,NASDAQ
tx_0002177,2025-06-20 10:25:55,PYPL,252.58,827,sell,NASDAQ
tx_0001748,2025-06-20 10:25:58,MA,354.39,407,buy,NYSE
tx_0004359,2025-06-20 10:25:58,PYPL,254.37,186,buy,NASDAQ
tx_0007881,2025-06-20 10:25:59,TSLA,690.44,145,buy,NASDAQ
tx_0007033,2025-06-20 10:26:01,MSFT,310.78,744,buy,NASDAQ
tx_0004958,2025-06-20 10:26:02,MA,351.89,599,buy,NYSE
tx_0005871,2025-06-20 10:26:05,DIS,183.34,997,buy,NYSE
tx_0009568,2025-06-20 10:26:06,WMT,139.25,997,sell,NYSE
tx_0006241,2025-06-20 10:26:06,MA,353.45,719,buy,NYSE
tx_0001526,2025-06-20 10:26:17,AAPL,156.29,905,buy,NASDAQ
tx_0001864,2025-06-20 10:26:19,PEP,153.84,867,sell,NYSE
tx_0006792,2025-06-20 10:26:31,BRK.B,273.41,514,sell,NYSE
tx_0002262,2025-06-20 10:26:33,PG,144.53,535,sell,NYSE
tx_0006221,2025-06-20 10:26:35,V,214.79,470,sell,NYSE
tx_0005480,2025-06-20 10:26:38,WMT,137.26,461,sell,NYSE
tx_0009574,2025-06-20 10:26:42,NVDA,196.24,759,buy,NASDAQ
tx_0008462,2025-06-20 10:26:49,AAPL,157.74,419,sell,NASDAQ
tx_0005731,2025-06-20 10:26:52,JNJ,169.76,151,buy,NYSE
tx_0004828,2025-06-20 10:26:53,JNJ,170.75,449,buy,NYSE
tx_0005745,2025-06-20 10:26:56,V,217.23,310,buy,NYSE
tx_0009982,2025-06-20 10:26:59,MCD,242.16,291,sell,NYSE
tx_0002719,2025-06-20 10:27:05,NFLX,495.59,314,sell,NASDAQ
tx_0000830,2025-06-20 10:27:08,GOOGL,2977.47,664,sell,NASDAQ
tx_0003103,2025-06-20 10:27:09,PG,144.95,572,buy,NYSE
tx_0007363,2025-06-20 10:27:10,TSLA,687.11,950,buy,NASDAQ
tx_0003779,2025-06-20 10:27:11,TSLA,698.9,554,sell,NASDAQ
tx_0000085,2025-06-20 10:27:11,JNJ,167.41,382,buy,NYSE
tx_0005639,2025-06-20 10:27:16,BRK.B,275.46,683,buy,NYSE
tx_0007373,2025-06-20 10:27:17,DIS,183.32,716,sell,NYSE
tx_0001771,2025-06-20 10:27:17,PG,142.48,561,buy,NYSE
tx_0008539,2025-06-20 10:27:18,PYPL,249.45,392,buy,NASDAQ
tx_0000336,2025-06-20 10:27:18,AMZN,3536.4,935,buy,NASDAQ
tx_0008472,2025-06-20 10:27:19,V,216.16,632,buy,NYSE
tx_0004534,2025-06-20 10:27:27,PEP,154.61,887,sell,NYSE
tx_0002664,2025-06-20 10:27:29,JNJ,168.37,432,buy,NYSE
tx_0000482,2025-06-20 10:27:33,PEP,153.73,741,sell,NYSE
tx_0003658,2025-06-20 10:27:33,TSLA,687.25,975,buy,NASDAQ
tx_0002443,2025-06-20 10:27:34,MCD,244.76,811,sell,NYSE
tx_0003280,2025-06-20 10:27:34,PYPL,251.1,235,buy,NASDAQ
tx_0005968,2025-06-20 10:27:35,WMT,137.31,626,sell,NYSE
tx_0006744,2025-06-20 10:27:36,GOOGL,2979.08,483,sell,NASDAQ
tx_0000051,2025-06-20 10:27:40,TSLA,697.9,158,buy,NASDAQ
tx_0000956,2025-06-20 10:27:43,JNJ,168.26,896,,NYSE
tx_0002404,2025-06-20 10:27:45,AMZN,3577.53,980,buy,NASDAQ
tx_0007415,2025-06-20 10:27:47,PG,143.45,922,sell,NYSE
tx_0003967,2025-06-20 10:27:49,PEP,153.12,537,sell,NYSE
tx_0001803,2025-06-20 10:27:49,V,216.5,432,buy,NYSE
tx_0006068,2025-06-20 10:27:50,WMT,137.3,682,buy,NYSE
tx_0001084,2025-06-20 10:27:51,WMT,138.63,437,buy,NYSE
tx_0001126,2025-06-20 10:27:51,MSFT,304.55,790,sell,NASDAQ
tx_0000811,2025-06-20 10:27:52,MCD,246.85,402,buy,NYSE
tx_0005314,2025-06-20 10:27:52,JNJ,170.31,255,buy,NYSE
tx_0001656,2025-06-20 10:27:55,BRK.B,274.31,859,buy,NYSE
tx_0004704,2025-06-20 10:27:58,FB,328.05,903,sell,NASDAQ
tx_0005537,2025-06-20 10:28:01,GOOGL,2972.45,681,sell,NASDAQ
tx_0001498,2025-06-20 10:28:02,AMZN,3520.48,312,buy,NASDAQ
tx_0009018,2025-06-20 10:28:04,MSFT,304.81,921,buy,NASDAQ
tx_0009217,2025-06-20 10:28:08,MCD,243.01,780,sell,NYSE
tx_0006872,2025-06-20 10:28:13,GOOGL,2983.22,751,,NASDAQ
tx_0003046,2025-06-20 10:28:18,V,213.63,403,sell,NYSE
tx_0007414,2025-06-20 10:28:19,BRK.B,273.82,323,sell,NYSE
tx_0001203,2025-06-20 10:28:25,WMT,137.88,537,sell,NYSE
tx_0006893,2025-06-20 10:28:26,FB,325.83,739,buy,NASDAQ
tx_0001953,2025-06-20 10:28:29,ADBE,610.4,240,sell,NASDAQ
tx_0008303,2025-06-20 10:28:29,MCD,246.78,475,sell,NYSE
tx_0007293,2025-06-20 10:28:29,PG,142.29,445,buy,NYSE
tx_0007935,2025-06-20 10:28:31,KO,54.15,995,buy,NYSE
tx_0008440,2025-06-20 10:28:31,V,215.08,328,sell,NYSE
tx_0006053,2025-06-20 10:28:31,MCD,243.35,191,buy,NYSE
tx_0003325,2025-06-20 10:28:35,FB,328.05,994,buy,NASDAQ
tx_0000841,2025-06-20 10:28:36,AAPL,156.62,737,sell,NASDAQ
tx_0004589,2025-06-20 10:28:40,PG,142.19,708,sell,NYSE
tx_0003912,2025-06-20 10:28:44,JNJ,167.45,362,sell,NYSE
tx_0000787,2025-06-20 10:28:44,AAPL,157.99,742,sell,NASDAQ
tx_0006365,2025-06-20 10:28:45,DIS,186.4,522,buy,NYSE
tx_0004415,2025-06-20 10:28:50,GOOGL,2971.23,630,sell,NASDAQ
tx_0001136,2025-06-20 10:28:51,NFLX,492.85,507,sell,NASDAQ
tx_0001438,2025-06-20 10:28:54,WMT,136.73,936,sell,NYSE
tx_0000323,2025-06-20 10:28:58,FB,326.2,775,sell,NASDAQ
tx_0006032,2025-06-20 10:29:04,ADBE,619.25,456,buy,NASDAQ
tx_0002055,2025-06-20 10:29:05,NVDA,196.49,274,sell,NASDAQ
tx_0007299,2025-06-20 10:29:11,JNJ,167.79,208,sell,NYSE
tx_0004669,2025-06-20 10:29:14,V,214.25,826,sell,NYSE
tx_0004102,2025-06-20 10:29:23,PG,144.51,319,buy,NYSE
tx_0000677,2025-06-20 10:29:25,GOOGL,2989.15,249,sell,NASDAQ
tx_0006582,2025-06-20 10:29:26,AAPL,156.66,366,sell,NASDAQ
tx_0002571,2025-06-20 10:29:26,V,214.45,109,sell,NYSE
tx_0005646,2025-06-20 10:29:29,V,214.07,758,buy,NYSE
tx_0003892,2025-06-20 10:29:35,TSLA,685.59,865,buy,NASDAQ
tx_0002121,2025-06-20 10:29:40,NVDA,194.54,419,sell,NASDAQ
tx_0005619,2025-06-20 10:29:41,KO,,796,sell,NYSE
tx_0001807,2025-06-20 10:29:42,V,213.99,671,sell,NYSE
tx_0007651,2025-06-20 10:29:44,JNJ,,915,buy,NYSE
tx_0000543,2025-06-20 10:29:46,JNJ,168.75,409,buy,NYSE
tx_0002141,2025-06-20 10:29:49,AMZN,3516.57,790,buy,NASDAQ
tx_0008646,2025-06-20 10:29:52,MSFT,306.43,529,sell,NASDAQ
tx_0002763,2025-06-20 10:29:52,MA,349.58,740,,NYSE
tx_0009750,2025-06-20 10:29:53,BRK.B,273.87,587,buy,NYSE
tx_0003408,2025-06-20 10:29:56,PYPL,249.16,721,sell,
tx_0002427,2025-06-20 10:29:56,BRK.B,274.45,518,buy,NYSE
tx_0001952,2025-06-20 10:29:57,ADBE,622.97,295,buy,NASDAQ
tx_0000100,2025-06-20 10:29:59,FB,328.25,851,buy,NASDAQ
tx_0005469,2025-06-20 10:30:01,V,217.2,750,buy,NYSE
tx_0006422,2025-06-20 10:30:06,AMZN,3529.99,960,sell,NASDAQ
tx_0004269,2025-06-20 10:30:12,MA,346.95,561,buy,NYSE
tx_0006637,2025-06-20 10:30:14,TSLA,691.13,857,sell,NASDAQ
tx_0008053,2025-06-20 10:30:17,MA,347.15,174,buy,NYSE
tx_0000706,2025-06-20 10:30:20,MA,350.6,317,buy,NYSE
tx_0005503,2025-06-20 10:30:21,BRK.B,275.06,872,buy,NYSE
tx_0005408,2025-06-20 10:30:22,DIS,185.47,289,buy,NYSE
tx_0006169,2025-06-20 10:30:23,GOOGL,2933.74,754,buy,NASDAQ
tx_0004074,2025-06-20 10:30:24,ADBE,616.53,911,sell,NASDAQ
tx_0007261,2025-06-20 10:30:24,KO,53.22,838,buy,NYSE
tx_0004524,2025-06-20 10:30:26,DIS,182.8,284,sell,NYSE
tx_0008145,2025-06-20 10:30:28,NFLX,498.49,397,buy,NASDAQ
tx_0008296,2025-06-20 10:30:31,JNJ,170.18,852,buy,NYSE
tx_0008272,2025-06-20 10:30:32,MA,346.84,716,sell,NYSE
tx_0003733,2025-06-20 10:30:33,GOOGL,2955.87,808,sell,NASDAQ
tx_0006715,2025-06-20 10:30:34,AMZN,3578.62,226,sell,NASDAQ
tx_0006801,2025-06-20 10:30:36,AAPL,155.02,494,sell,NASDAQ
tx_0004670,2025-06-20 10:30:38,PG,141.94,232,buy,NYSE
tx_0004498,2025-06-20 10:30:40,JNJ,170.59,500,sell,NYSE
tx_0000221,2025-06-20 10:30:43,BRK.B,271.51,420,,NYSE
tx_0002619,2025-06-20 10:30:43,TSLA,691.42,999,buy,NASDAQ
tx_0005724,2025-06-20 10:30:44,PEP,155.08,952,buy,NYSE
tx_0001121,2025-06-20 10:30:45,PG,142.31,950,sell,NYSE
tx_0008319,2025-06-20 10:30:48,MA,350.98,166,sell,NYSE
tx_0006467,2025-06-20 10:30:55,ADBE,616.84,362,buy,NASDAQ
tx_0007157,2025-06-20 10:30:55,MCD,245.61,122,buy,NYSE
tx_0009788,2025-06-20 10:30:56,WMT,137.87,943,buy,NYSE
tx_0008661,2025-06-20 10:30:56,GOOGL,2976.07,653,buy,NASDAQ
tx_0004841,2025-06-20 10:31:09,WMT,137.78,347,buy,NYSE
tx_0006021,2025-06-20 10:31:10,AAPL,156.93,517,buy,NASDAQ
tx_0008094,2025-06-20 10:31:12,MSFT,307.67,888,sell,NASDAQ
tx_0003190,2025-06-20 10:31:13,GOOGL,2960.52,678,sell,NASDAQ
tx_0007138,2025-06-20 10:31:20,MA,351.95,497,buy,NYSE
tx_0008378,2025-06-20 10:31:20,FB,323.74,296,buy,NASDAQ
tx_0006576,2025-06-20 10:31:21,AMZN,3552.86,464,sell,NASDAQ
tx_0005897,2025-06-20 10:31:22,PYPL,251.53,231,sell,NASDAQ
tx_0000948,2025-06-20 10:31:24,PYPL,251.59,396,sell,NASDAQ
tx_0003381,2025-06-20 10:31:26,AAPL,155.12,862,buy,NASDAQ
tx_0003742,2025-06-20 10:31:28,MA,349.32,922,buy,NYSE
tx_0009696,2025-06-20 10:31:31,PG,141.59,967,buy,NYSE
tx_0008329,2025-06-20 10:31:32,NFLX,498.23,206,sell,NASDAQ
tx_0004028,2025-06-20 10:31:35,JNJ,169.09,944,sell,NYSE
tx_0009992,2025-06-20 10:31:37,PYPL,249.58,571,buy,NASDAQ
tx_0007247,2025-06-20 10:31:38,V,214.18,194,sell,NYSE
tx_0008010,2025-06-20 10:31:40,FB,322.39,639,buy,NASDAQ
tx_0002842,2025-06-20 10:31:41,PG,144.14,890,sell,NYSE
tx_0000566,2025-06-20 10:31:41,MSFT,306.14,519,sell,NASDAQ
tx_0004887,2025-06-20 10:31:45,PYPL,251.5,963,sell,NASDAQ
tx_0006691,2025-06-20 10:31:47,ADBE,621.51,459,sell,NASDAQ
tx_0003793,2025-06-20 10:31:50,PG,142.33,615,sell,NYSE
tx_0005829,2025-06-20 10:31:53,BRK.B,272.57,759,buy,NYSE
tx_0009000,2025-06-20 10:31:55,ADBE,620.98,508,sell,NASDAQ
tx_0009302,2025-06-20 10:32:02,BRK.B,274.7,338,buy,NYSE
tx_0004671,2025-06-20 10:32:08,DIS,,285,buy,NYSE
tx_0000792,2025-06-20 10:32:09,DIS,184.6,646,buy,NYSE
tx_0006081,2025-06-20 10:32:13,TSLA,679.2,225,sell,NASDAQ
tx_0009742,2025-06-20 10:32:14,GOOGL,2962.32,444,buy,NASDAQ
tx_0003033,2025-06-20 10:32:17,TSLA,683.1,579,buy,NASDAQ
tx_0002780,2025-06-20 10:32:18,V,216.87,130,buy,NYSE
tx_0000394,2025-06-20 10:32:22,MSFT,307.85,205,buy,NASDAQ
tx_0002101,2025-06-20 10:32:26,PYPL,246.63,468,sell,NASDAQ
tx_0001286,2025-06-20 10:32:29,JNJ,168.8,246,buy,NYSE
tx_0007117,2025-06-20 10:32:34,DIS,187.31,758,buy,NYSE
tx_0006977,2025-06-20 10:32:35,MA,352.05,148,buy,NYSE
tx_0002921,2025-06-20 10:32:39,WMT,138.14,158,buy,NYSE
tx_0005262,2025-06-20 10:32:43,PG,142.39,640,sell,NYSE
tx_0009999,2025-06-20 10:32:44,NVDA,195.27,900,sell,NASDAQ
tx_0007137,2025-06-20 10:32:47,PG,142.2,824,sell,NYSE
tx_0003511,2025-06-20 10:32:50,AAPL,155.54,270,sell,NASDAQ
tx_0009339,2025-06-20 10:32:53,AMZN,3543.23,352,buy,NASDAQ
tx_0003558,2025-06-20 10:32:55,NFLX,494.03,452,sell,NASDAQ
tx_0000201,2025-06-20 10:33:04,TSLA,682.66,574,buy,NASDAQ
tx_0006493,2025-06-20 10:33:05,TSLA,681.27,334,sell,NASDAQ
tx_0002411,2025-06-20 10:33:07,KO,53.68,992,buy,NYSE
tx_0009096,2025-06-20 10:33:07,NVDA,195.55,492,sell,NASDAQ
tx_0008672,2025-06-20 10:33:10,MCD,243.08,620,buy,NYSE
tx_0004518,2025-06-20 10:33:12,MCD,246.75,491,,NYSE
tx_0004768,2025-06-20 10:33:12,FB,328.44,262,buy,NASDAQ
tx_0006301,2025-06-20 10:33:12,ADBE,625.57,395,sell,NASDAQ
tx_0002147,2025-06-20 10:33:14,DIS,185.4,284,sell,NYSE
tx_0002250,2025-06-20 10:33:14,V,215.49,802,buy,NYSE
tx_0001091,2025-06-20 10:33:17,WMT,137.56,589,buy,NYSE
tx_0003473,2025-06-20 10:33:19,BRK.B,274.2,672,buy,NYSE
tx_0003292,2025-06-20 10:33:21,FB,326.66,379,sell,
tx_0002501,2025-06-20 10:33:22,AAPL,157.72,611,sell,NASDAQ
tx_0000446,2025-06-20 10:33:23,KO,53.19,965,buy,NYSE
tx_0007199,2025-06-20 10:33:29,MSFT,302.91,804,sell,NASDAQ
tx_0006409,2025-06-20 10:33:32,MA,348.79,879,buy,NYSE
tx_0002276,2025-06-20 10:33:34,V,213.51,228,sell,NYSE
tx_0002490,2025-06-20 10:33:39,JNJ,168.89,770,sell,NYSE
tx_0004789,2025-06-20 10:33:39,MCD,244.23,121,sell,NYSE
tx_0005157,2025-06-20 10:33:43,FB,327.47,763,buy,NASDAQ
tx_0009795,2025-06-20 10:33:43,MA,351.11,131,buy,NYSE
tx_0007642,2025-06-20 10:33:43,V,214.15,154,buy,NYSE
tx_0001042,2025-06-20 10:33:45,PYPL,247.96,226,sell,NASDAQ
tx_0003047,2025-06-20 10:33:47,FB,322.61,710,sell,NASDAQ
tx_0004711,2025-06-20 10:33:49,MSFT,305.02,480,sell,NASDAQ
tx_0001100,2025-06-20 10:33:49,TSLA,679.45,442,buy,NASDAQ
tx_0003583,2025-06-20 10:33:49,AMZN,3521.38,939,sell,NASDAQ
tx_0001455,2025-06-20 10:33:51,AMZN,3536.07,702,sell,NASDAQ
tx_0004621,2025-06-20 10:33:56,MSFT,304.26,353,buy,NASDAQ
tx_0000859,2025-06-20 10:33:57,DIS,186.81,499,buy,NYSE
tx_0009239,2025-06-20 10:34:02,AAPL,156.15,821,buy,NASDAQ
tx_0007603,2025-06-20 10:34:06,NFLX,501.59,676,sell,NASDAQ
tx_0006185,2025-06-20 10:34:07,GOOGL,2958.66,539,sell,NASDAQ
tx_0006652,2025-06-20 10:34:12,FB,328.47,601,sell,NASDAQ
tx_0009645,2025-06-20 10:34:12,KO,53.16,309,buy,NYSE
tx_0008118,2025-06-20 10:34:12,NFLX,497.41,489,buy,NASDAQ
tx_0009300,2025-06-20 10:34:13,NVDA,193.86,169,sell,NASDAQ
tx_0005178,2025-06-20 10:34:14,MCD,244.58,546,sell,NYSE
tx_0001621,2025-06-20 10:34:16,PYPL,248.12,599,sell,NASDAQ
tx_0005243,2025-06-20 10:34:16,AMZN,3578.05,166,buy,NASDAQ
tx_0007071,2025-06-20 10:34:17,V,213.31,878,buy,NYSE
tx_0006566,2025-06-20 10:34:17,DIS,183.46,482,buy,NYSE
tx_0004209,2025-06-20 10:34:21,TSLA,681.18,515,sell,NASDAQ
tx_0008649,2025-06-20 10:34:23,FB,325.0,792,sell,NASDAQ
tx_0001124,2025-06-20 10:34:23,BRK.B,270.62,305,buy,NYSE
tx_0007989,2025-06-20 10:34:24,AAPL,156.32,151,sell,NASDAQ
tx_0003401,2025-06-20 10:34:25,FB,323.7,185,buy,NASDAQ
tx_0001857,2025-06-20 10:34:28,PG,141.05,495,buy,NYSE
tx_0007614,2025-06-20 10:34:32,GOOGL,2948.72,720,sell,NASDAQ
tx_0004380,2025-06-20 10:34:34,MSFT,306.94,184,buy,NASDAQ
tx_0004174,2025-06-20 10:34:35,NVDA,193.26,897,sell,NASDAQ
tx_0006416,2025-06-20 10:34:36,NFLX,497.97,759,sell,NASDAQ
tx_0001118,2025-06-20 10:34:39,WMT,135.98,141,sell,NYSE
tx_0000966,2025-06-20 10:34:43,WMT,136.03,562,buy,NYSE
tx_0009507,2025-06-20 10:34:44,AAPL,156.0,549,sell,NASDAQ
tx_0003304,2025-06-20 10:34:45,KO,53.66,855,sell,NYSE
tx_0003723,2025-06-20 10:34:45,GOOGL,2981.02,164,buy,NASDAQ
tx_0009073,2025-06-20 10:34:46,NVDA,195.12,860,sell,NASDAQ
tx_0001377,2025-06-20 10:34:48,PG,141.65,962,sell,NYSE
tx_0002968,2025-06-20 10:34:49,JNJ,167.35,370,sell,NYSE
tx_0009655,2025-06-20 10:34:52,MCD,243.16,340,buy,NYSE
tx_0005401,2025-06-20 10:34:53,PG,141.14,148,buy,NYSE
tx_0007445,2025-06-20 10:34:53,PEP,155.33,354,buy,NYSE
tx_0009407,2025-06-20 10:34:53,MA,349.24,427,buy,NYSE
tx_0006951,2025-06-20 10:34:54,GOOGL,2971.49,723,sell,NASDAQ
tx_0001945,2025-06-20 10:34:56,AAPL,157.2,871,buy,NASDAQ
tx_0000328,2025-06-20 10:34:56,DIS,183.55,225,sell,NYSE
tx_0003201,2025-06-20 10:35:03,DIS,184.38,823,sell,NYSE
tx_0003721,2025-06-20 10:35:03,NVDA,196.46,242,sell,NASDAQ
tx_0000346,2025-06-20 10:35:04,PG,141.46,116,buy,NYSE
tx_0006026,2025-06-20 10:35:08,KO,54.1,486,buy,NYSE
tx_0008372,2025-06-20 10:35:09,V,216.33,955,buy,NYSE
tx_0003252,2025-06-20 10:35:13,PG,142.44,374,sell,NYSE
tx_0009537,2025-06-20 10:35:14,GOOGL,2974.5,516,buy,NASDAQ
tx_0006971,2025-06-20 10:35:14,ADBE,621.56,556,buy,NASDAQ
tx_0007413,2025-06-20 10:35:15,V,213.2,249,sell,NYSE
tx_0003798,2025-06-20 10:35:21,MSFT,306.56,540,buy,NASDAQ
tx_0000701,2025-06-20 10:35:26,MA,347.22,514,sell,NYSE
tx_0005803,2025-06-20 10:35:26,FB,325.6,229,sell,NASDAQ
tx_0009626,2025-06-20 10:35:29,NVDA,196.28,667,buy,NASDAQ
tx_0001819,2025-06-20 10:35:35,NFLX,497.39,483,sell,NASDAQ
tx_0001241,2025-06-20 10:35:36,V,217.1,840,buy,NYSE
tx_0008407,2025-06-20 10:35:37,PEP,156.33,463,buy,NYSE
tx_0003123,2025-06-20 10:35:38,NFLX,497.38,737,buy,NASDAQ
tx_0009660,2025-06-20 10:35:39,AAPL,158.65,735,sell,NASDAQ
tx_0000827,2025-06-20 10:35:39,KO,53.05,316,buy,NYSE
tx_0000837,2025-06-20 10:35:42,PEP,156.2,631,buy,NYSE
tx_0001893,2025-06-20 10:35:44,MCD,245.99,225,sell,NYSE
tx_0007539,2025-06-20 10:35:45,MA,347.33,752,buy,NYSE
tx_0007358,2025-06-20 10:35:49,PG,141.3,703,buy,NYSE
tx_0001076,2025-06-20 10:35:55,FB,326.25,820,sell,NASDAQ
tx_0009540,2025-06-20 10:35:57,WMT,135.67,424,sell,NYSE
tx_0002952,2025-06-20 10:35:59,PG,141.26,729,buy,NYSE
tx_0001745,2025-06-20 10:36:01,TSLA,681.14,906,sell,NASDAQ
tx_0004942,2025-06-20 10:36:02,ADBE,615.25,976,buy,NASDAQ
tx_0007560,2025-06-20 10:36:03,PYPL,248.93,506,sell,NASDAQ
tx_0007691,2025-06-20 10:36:08,KO,53.9,903,sell,NYSE
tx_0006388,2025-06-20 10:36:09,AAPL,156.24,192,sell,NASDAQ
tx_0005531,2025-06-20 10:36:10,GOOGL,2981.57,642,sell,NASDAQ
tx_0000192,2025-06-20 10:36:12,PEP,153.58,899,sell,NYSE
tx_0009156,2025-06-20 10:36:15,KO,53.85,370,buy,NYSE
tx_0003661,2025-06-20 10:36:18,V,216.21,883,sell,NYSE
tx_0000484,2025-06-20 10:36:19,PYPL,249.89,519,buy,NASDAQ
tx_0009775,2025-06-20 10:36:20,KO,53.54,192,sell,NYSE
tx_0008836,2025-06-20 10:36:21,WMT,137.62,590,sell,NYSE
tx_0003678,2025-06-20 10:36:23,NFLX,498.53,214,buy,NASDAQ
tx_0000454,2025-06-20 10:36:25,PG,142.72,573,sell,NYSE
tx_0007641,2025-06-20 10:36:25,JNJ,170.62,172,sell,NYSE
tx_0006233,2025-06-20 10:36:25,KO,52.9,167,sell,NYSE
tx_0006558,2025-06-20 10:36:27,WMT,137.31,766,buy,NYSE
tx_0004340,2025-06-20 10:36:31,MSFT,303.65,925,buy,NASDAQ
tx_0008623,2025-06-20 10:36:32,TSLA,681.1,200,buy,NASDAQ
tx_0006620,2025-06-20 10:36:35,MSFT,306.86,501,buy,NASDAQ
tx_0002941,2025-06-20 10:36:42,WMT,135.98,286,sell,NYSE
tx_0007056,2025-06-20 10:36:45,DIS,183.9,372,sell,NYSE
tx_0005211,2025-06-20 10:36:45,V,214.4,470,sell,NYSE
tx_0002159,2025-06-20 10:36:45,AAPL,156.16,447,sell,NASDAQ
tx_0009116,2025-06-20 10:36:49,MCD,246.55,423,sell,NYSE
tx_0003467,2025-06-20 10:36:51,DIS,184.81,352,buy,NYSE
tx_0002856,2025-06-20 10:36:53,NFLX,494.11,548,buy,NASDAQ
tx_0002363,2025-06-20 10:36:54,AMZN,3552.79,426,sell,NASDAQ
tx_0007734,2025-06-20 10:36:56,ADBE,620.45,897,sell,NASDAQ
tx_0005470,2025-06-20 10:37:01,PEP,154.1,349,sell,NYSE
tx_0006673,2025-06-20 10:37:01,PYPL,250.65,150,buy,NASDAQ
tx_0004466,2025-06-20 10:37:03,MCD,247.38,108,sell,NYSE
tx_0002609,2025-06-20 10:37:05,V,215.16,208,sell,NYSE
tx_0005874,2025-06-20 10:37:07,MA,349.2,122,sell,NYSE
tx_0009749,2025-06-20 10:37:08,NVDA,192.37,568,buy,NASDAQ
tx_0007353,2025-06-20 10:37:08,DIS,186.45,567,sell,NYSE
tx_0007956,2025-06-20 10:37:11,PYPL,252.49,883,sell,NASDAQ
tx_0009421,2025-06-20 10:37:12,AAPL,157.74,958,sell,NASDAQ
tx_0007709,2025-06-20 10:37:12,NVDA,194.36,513,sell,NASDAQ
tx_0004410,2025-06-20 10:37:15,PG,141.59,576,buy,NYSE
tx_0007410,2025-06-20 10:37:16,PEP,153.66,755,sell,NYSE
tx_0005728,2025-06-20 10:37:17,WMT,137.47,610,buy,NYSE
tx_0002050,2025-06-20 10:37:18,PYPL,252.03,441,buy,NASDAQ
tx_0000492,2025-06-20 10:37:18,PEP,155.39,479,sell,NYSE
tx_0002735,2025-06-20 10:37:20,GOOGL,2963.17,457,buy,NASDAQ
tx_0000934,2025-06-20 10:37:28,KO,53.73,128,buy,NYSE
tx_0009092,2025-06-20 10:37:34,AAPL,155.96,477,buy,NASDAQ
tx_0009503,2025-06-20 10:37:35,MA,349.89,691,buy,NYSE
tx_0001120,2025-06-20 10:37:36,NVDA,193.83,573,sell,NASDAQ
tx_0003599,2025-06-20 10:37:37,DIS,185.03,986,buy,NYSE
tx_0008903,2025-06-20 10:37:37,PEP,154.57,858,buy,NYSE
tx_0003087,2025-06-20 10:37:38,FB,325.93,888,buy,NASDAQ
tx_0006790,2025-06-20 10:37:38,KO,53.35,716,sell,NYSE
tx_0004051,2025-06-20 10:37:40,PYPL,253.11,270,buy,NASDAQ
tx_0006154,2025-06-20 10:37:41,KO,53.6,338,sell,NYSE
tx_0004084,2025-06-20 10:37:44,PG,141.36,117,sell,NYSE
tx_0007851,2025-06-20 10:37:45,V,215.0,540,buy,NYSE
tx_0000909,2025-06-20 10:37:48,KO,53.11,745,sell,NYSE
tx_0005593,2025-06-20 10:37:48,WMT,136.06,473,sell,NYSE
tx_0002509,2025-06-20 10:37:51,NFLX,503.49,700,sell,NASDAQ
tx_0009761,2025-06-20 10:37:53,NFLX,497.23,741,sell,NASDAQ
tx_0008370,2025-06-20 10:37:58,MCD,243.96,654,sell,NYSE
tx_0009546,2025-06-20 10:37:58,MA,353.65,364,buy,NYSE
tx_0003964,2025-06-20 10:38:03,KO,52.94,981,buy,NYSE
tx_0001237,2025-06-20 10:38:04,MA,350.89,911,buy,NYSE
tx_0008068,2025-06-20 10:38:05,DIS,186.9,553,buy,NYSE
tx_0002287,2025-06-20 10:38:12,PG,141.73,871,buy,NYSE
tx_0002617,2025-06-20 10:38:12,WMT,136.44,181,sell,NYSE
tx_0003267,2025-06-20 10:38:14,KO,53.76,395,sell,NYSE
tx_0008037,2025-06-20 10:38:15,KO,52.96,726,sell,NYSE
tx_0000453,2025-06-20 10:38:17,MSFT,302.97,991,buy,NASDAQ
tx_0008611,2025-06-20 10:38:18,AAPL,156.45,981,buy,NASDAQ
tx_0004763,2025-06-20 10:38:21,NFLX,501.71,918,buy,NASDAQ
tx_0006860,2025-06-20 10:38:22,ADBE,611.6,547,buy,NASDAQ
tx_0000539,2025-06-20 10:38:22,NVDA,193.17,233,buy,NASDAQ
tx_0008129,2025-06-20 10:38:24,NVDA,191.13,774,buy,NASDAQ
tx_0000709,2025-06-20 10:38:25,AMZN,3600.37,545,buy,NASDAQ
tx_0007420,2025-06-20 10:38:33,NFLX,493.43,919,buy,NASDAQ
tx_0005315,2025-06-20 10:38:37,FB,325.36,374,buy,NASDAQ
tx_0006805,2025-06-20 10:38:37,AMZN,3538.88,296,buy,NASDAQ
tx_0008099,2025-06-20 10:38:37,NFLX,501.6,713,buy,NASDAQ
tx_0005446,2025-06-20 10:38:38,JNJ,172.23,899,sell,NYSE
tx_0002134,2025-06-20 10:38:39,MA,354.56,863,buy,NYSE
tx_0003633,2025-06-20 10:38:44,AMZN,3579.18,993,buy,NASDAQ
tx_0000082,2025-06-20 10:38:47,ADBE,619.57,966,buy,NASDAQ
tx_0003281,2025-06-20 10:38:51,AMZN,3534.55,261,buy,NASDAQ
tx_0009637,2025-06-20 10:38:51,TSLA,687.51,746,sell,NASDAQ
tx_0008406,2025-06-20 10:38:58,PEP,155.55,930,buy,NYSE
tx_0003237,2025-06-20 10:39:00,BRK.B,271.69,600,buy,NYSE
tx_0000313,2025-06-20 10:39:01,AMZN,3592.26,228,sell,NASDAQ
tx_0009590,2025-06-20 10:39:03,FB,323.11,200,sell,NASDAQ
