transaction_id,timestamp,stock_symbol,price,quantity,order_type,exchange
tx_0005602,2025-06-17 09:30:00,GOOGL,2823.34,243,sell,NASDAQ
tx_0008788,2025-06-17 09:30:06,JNJ,169.62,566,buy,NYSE
tx_0000991,2025-06-17 09:30:07,V,221.34,317,buy,NYSE
tx_0006518,2025-06-17 09:30:12,WMT,140.04,719,buy,NYSE
tx_0000934,2025-06-17 09:30:16,TSLA,694.16,771,sell,NASDAQ
tx_0002046,2025-06-17 09:30:18,V,219.84,903,buy,NYSE
tx_0002101,2025-06-17 09:30:19,KO,54.59,434,sell,NYSE
tx_0007876,2025-06-17 09:30:20,WMT,141.38,652,sell,NYSE
tx_0008766,2025-06-17 09:30:21,WMT,140.2,655,buy,NYSE
tx_0003594,2025-06-17 09:30:23,PEP,151.23,731,buy,NYSE
tx_0001710,2025-06-17 09:30:24,TSLA,704.34,794,buy,NASDAQ
tx_0007119,2025-06-17 09:30:25,AAPL,148.51,582,buy,NASDAQ
tx_0003849,2025-06-17 09:30:26,NFLX,496.98,859,buy,NASDAQ
tx_0001832,2025-06-17 09:30:32,AMZN,3469.79,560,buy,NASDAQ
tx_0002535,2025-06-17 09:30:35,PEP,149.31,933,buy,NYSE
tx_0008613,2025-06-17 09:30:37,KO,55.06,826,buy,NYSE
tx_0003747,2025-06-17 09:30:38,AAPL,148.26,913,buy,NASDAQ
tx_0008252,2025-06-17 09:30:39,DIS,180.63,684,sell,NYSE
tx_0008870,2025-06-17 09:30:41,NVDA,197.88,921,sell,NASDAQ
tx_0006905,2025-06-17 09:30:43,BRK.B,279.06,468,buy,NYSE
tx_0004766,2025-06-17 09:30:43,BRK.B,280.26,258,sell,NYSE
tx_0002810,2025-06-17 09:30:44,NFLX,493.78,289,buy,NASDAQ
tx_0005720,2025-06-17 09:30:48,PYPL,250.64,800,buy,NASDAQ
tx_0002509,2025-06-17 09:30:50,FB,328.56,415,buy,NASDAQ
tx_0004637,2025-06-17 09:30:51,AAPL,150.58,153,buy,NASDAQ
tx_0006185,2025-06-17 09:30:52,PYPL,247.26,180,sell,NASDAQ
tx_0000522,2025-06-17 09:30:54,PEP,150.09,413,sell,NYSE
tx_0002712,2025-06-17 09:30:54,PEP,151.02,273,buy,NYSE
tx_0002942,2025-06-17 09:30:58,JNJ,168.47,760,sell,NYSE
tx_0000982,2025-06-17 09:31:03,MA,348.45,655,buy,NYSE
tx_0004111,2025-06-17 09:31:05,PEP,150.23,736,sell,NYSE
tx_0004039,2025-06-17 09:31:13,KO,55.11,678,buy,NYSE
tx_0000106,2025-06-17 09:31:15,AAPL,148.97,163,buy,
tx_0002138,2025-06-17 09:31:16,MCD,252.78,570,sell,NYSE
tx_0000911,2025-06-17 09:31:19,AAPL,148.51,180,buy,NASDAQ
tx_0007302,2025-06-17 09:31:21,WMT,139.79,562,sell,NYSE
tx_0008544,2025-06-17 09:31:28,NVDA,198.13,670,buy,NASDAQ
tx_0007344,2025-06-17 09:31:31,NFLX,498.35,506,buy,NASDAQ
tx_0005734,2025-06-17 09:31:37,DIS,181.36,127,sell,NYSE
tx_0005404,2025-06-17 09:31:44,DIS,181.82,785,buy,NYSE
tx_0005465,2025-06-17 09:31:47,MCD,251.45,889,sell,NYSE
tx_0001177,2025-06-17 09:31:48,KO,54.29,765,sell,NYSE
tx_0006036,2025-06-17 09:31:52,TSLA,709.76,126,sell,NASDAQ
tx_0002134,2025-06-17 09:31:55,PG,139.22,774,sell,NYSE
tx_0003957,2025-06-17 09:31:55,TSLA,703.28,630,buy,NASDAQ
tx_0004529,2025-06-17 09:32:00,MA,349.2,204,buy,NYSE
tx_0007803,2025-06-17 09:32:02,MCD,248.37,712,buy,NYSE
tx_0007569,2025-06-17 09:32:04,NVDA,199.71,472,buy,NASDAQ
tx_0007325,2025-06-17 09:32:09,PEP,150.43,864,sell,NYSE
tx_0009589,2025-06-17 09:32:16,WMT,140.35,490,buy,NYSE
tx_0002832,2025-06-17 09:32:18,FB,329.73,225,sell,NASDAQ
tx_0007790,2025-06-17 09:32:22,PEP,150.99,340,sell,NYSE
tx_0003768,2025-06-17 09:32:23,DIS,180.91,401,sell,NYSE
tx_0009838,2025-06-17 09:32:24,GOOGL,2828.84,961,buy,NASDAQ
tx_0008702,2025-06-17 09:32:29,NVDA,199.61,470,sell,NASDAQ
tx_0006220,2025-06-17 09:32:32,FB,328.0,832,sell,NASDAQ
tx_0009761,2025-06-17 09:32:37,BRK.B,283.07,101,buy,NYSE
tx_0009520,2025-06-17 09:32:43,TSLA,713.16,499,buy,NASDAQ
tx_0001876,2025-06-17 09:32:44,MCD,250.04,520,sell,NYSE
tx_0005383,2025-06-17 09:32:45,MA,348.39,310,sell,NYSE
tx_0000591,2025-06-17 09:32:47,FB,329.98,714,sell,NASDAQ
tx_0001436,2025-06-17 09:32:48,TSLA,709.07,810,,NASDAQ
tx_0002088,2025-06-17 09:32:52,WMT,138.12,342,,NYSE
tx_0008819,2025-06-17 09:32:59,PYPL,250.31,966,buy,NASDAQ
tx_0006356,2025-06-17 09:33:00,MCD,247.62,529,sell,NYSE
tx_0009433,2025-06-17 09:33:04,ADBE,597.35,539,sell,NASDAQ
tx_0007739,2025-06-17 09:33:06,PG,140.97,436,sell,NYSE
tx_0006547,2025-06-17 09:33:07,TSLA,703.44,171,buy,NASDAQ
tx_0004572,2025-06-17 09:33:08,FB,332.01,592,sell,NASDAQ
tx_0009255,2025-06-17 09:33:10,JNJ,169.64,495,sell,NYSE
tx_0006620,2025-06-17 09:33:10,NVDA,199.63,292,buy,NASDAQ
tx_0009141,2025-06-17 09:33:11,AMZN,3501.89,356,sell,NASDAQ
tx_0002500,2025-06-17 09:33:12,MSFT,301.07,634,sell,NASDAQ
tx_0008336,2025-06-17 09:33:16,AAPL,150.91,626,sell,NASDAQ
tx_0003985,2025-06-17 09:33:16,TSLA,703.79,623,sell,NASDAQ
tx_0001784,2025-06-17 09:33:21,PYPL,248.97,355,buy,NASDAQ
tx_0007371,2025-06-17 09:33:22,MA,348.3,802,sell,NYSE
tx_0004273,2025-06-17 09:33:27,JNJ,171.17,646,sell,NYSE
tx_0003410,2025-06-17 09:33:28,ADBE,604.64,877,buy,NASDAQ
tx_0000043,2025-06-17 09:33:28,GOOGL,2829.83,939,sell,NASDAQ
tx_0007021,2025-06-17 09:33:31,GOOGL,2799.65,156,buy,NASDAQ
tx_0000455,2025-06-17 09:33:35,KO,54.72,502,sell,NYSE
tx_0004821,2025-06-17 09:33:41,PYPL,251.54,500,buy,NASDAQ
tx_0008452,2025-06-17 09:33:41,BRK.B,282.97,805,buy,NYSE
tx_0006106,2025-06-17 09:33:50,ADBE,599.49,513,buy,NASDAQ
tx_0008560,2025-06-17 09:33:53,FB,328.28,279,sell,NASDAQ
tx_0004417,2025-06-17 09:33:54,WMT,140.58,809,buy,NYSE
tx_0005133,2025-06-17 09:33:54,FB,331.46,142,buy,
tx_0008298,2025-06-17 09:33:55,MCD,250.04,700,buy,NYSE
tx_0008180,2025-06-17 09:33:58,GOOGL,2812.06,244,buy,NASDAQ
tx_0006617,2025-06-17 09:33:58,V,222.7,900,buy,NYSE
tx_0001816,2025-06-17 09:33:59,PEP,149.64,487,sell,NYSE
tx_0001246,2025-06-17 09:34:05,DIS,179.1,444,sell,NYSE
tx_0005548,2025-06-17 09:34:06,MSFT,303.32,121,buy,NASDAQ
tx_0002539,2025-06-17 09:34:07,V,221.89,927,buy,NYSE
tx_0008864,2025-06-17 09:34:11,DIS,181.38,561,sell,NYSE
tx_0009852,2025-06-17 09:34:13,NFLX,497.18,458,sell,NASDAQ
tx_0005193,2025-06-17 09:34:17,PYPL,247.44,160,sell,NASDAQ
tx_0008199,2025-06-17 09:34:17,AAPL,149.73,449,buy,NASDAQ
tx_0001930,2025-06-17 09:34:19,DIS,178.62,595,sell,NYSE
tx_0000964,2025-06-17 09:34:19,PYPL,247.98,140,sell,NASDAQ
tx_0000009,2025-06-17 09:34:21,JNJ,169.96,242,buy,NYSE
tx_0006430,2025-06-17 09:34:23,AMZN,3483.1,601,sell,NASDAQ
tx_0003336,2025-06-17 09:34:26,AMZN,3525.78,897,sell,NASDAQ
tx_0009695,2025-06-17 09:34:28,TSLA,707.91,738,buy,NASDAQ
tx_0006873,2025-06-17 09:34:28,BRK.B,279.8,784,sell,NYSE
tx_0005937,2025-06-17 09:34:29,NFLX,501.58,742,sell,NASDAQ
tx_0001009,2025-06-17 09:34:31,WMT,139.64,486,sell,NYSE
tx_0008277,2025-06-17 09:34:31,PG,139.25,536,sell,NYSE
tx_0005319,2025-06-17 09:34:36,PG,140.05,588,sell,NYSE
tx_0001342,2025-06-17 09:34:37,PG,139.32,857,sell,NYSE
tx_0007259,2025-06-17 09:34:38,GOOGL,,924,buy,NASDAQ
tx_0008410,2025-06-17 09:34:38,PYPL,247.83,892,buy,NASDAQ
tx_0006504,2025-06-17 09:34:39,PYPL,247.14,294,sell,NASDAQ
tx_0007011,2025-06-17 09:34:45,PEP,150.38,204,buy,NYSE
tx_0004724,2025-06-17 09:34:46,MA,351.74,976,buy,NYSE
tx_0005693,2025-06-17 09:34:50,ADBE,594.85,239,sell,NASDAQ
tx_0003553,2025-06-17 09:34:51,AMZN,3498.35,635,sell,NASDAQ
tx_0007584,2025-06-17 09:34:53,WMT,138.11,339,buy,NYSE
tx_0005075,2025-06-17 09:34:53,MSFT,305.84,688,sell,NASDAQ
tx_0009660,2025-06-17 09:34:54,NFLX,494.79,647,sell,NASDAQ
tx_0003190,2025-06-17 09:34:56,AMZN,3541.52,695,sell,NASDAQ
tx_0004158,2025-06-17 09:34:59,MA,346.22,136,buy,NYSE
tx_0005583,2025-06-17 09:35:03,BRK.B,280.71,579,buy,NYSE
tx_0006868,2025-06-17 09:35:05,AAPL,149.0,675,buy,NASDAQ
tx_0003961,2025-06-17 09:35:13,GOOGL,2849.89,241,sell,NASDAQ
tx_0000642,2025-06-17 09:35:13,NVDA,198.64,273,buy,NASDAQ
tx_0001531,2025-06-17 09:35:14,WMT,140.43,560,sell,NYSE
tx_0003337,2025-06-17 09:35:20,MA,347.53,858,buy,NYSE
tx_0003932,2025-06-17 09:35:20,AAPL,150.12,863,sell,NASDAQ
tx_0007323,2025-06-17 09:35:21,FB,334.51,689,sell,NASDAQ
tx_0003004,2025-06-17 09:35:23,KO,54.87,393,buy,NYSE
tx_0006154,2025-06-17 09:35:27,AMZN,3500.35,947,buy,NASDAQ
tx_0004334,2025-06-17 09:35:28,WMT,140.13,689,buy,NYSE
tx_0000540,2025-06-17 09:35:34,JNJ,169.7,940,buy,NYSE
tx_0005384,2025-06-17 09:35:42,JNJ,170.0,594,buy,
tx_0007617,2025-06-17 09:35:44,PG,140.32,485,buy,NYSE
tx_0005613,2025-06-17 09:35:46,WMT,140.49,269,sell,NYSE
tx_0006656,2025-06-17 09:35:49,MCD,248.07,426,,NYSE
tx_0003610,2025-06-17 09:35:50,FB,327.8,392,buy,NASDAQ
tx_0009572,2025-06-17 09:35:56,MA,348.91,319,sell,NYSE
tx_0003851,2025-06-17 09:36:02,NVDA,198.7,761,buy,NASDAQ
tx_0008163,2025-06-17 09:36:02,GOOGL,2843.12,341,buy,NASDAQ
tx_0007493,2025-06-17 09:36:03,PYPL,247.74,480,buy,NASDAQ
tx_0000807,2025-06-17 09:36:04,BRK.B,279.39,337,buy,NYSE
tx_0001139,2025-06-17 09:36:05,MA,346.11,996,sell,NYSE
tx_0001626,2025-06-17 09:36:06,PYPL,249.68,655,buy,NASDAQ
tx_0000452,2025-06-17 09:36:08,V,223.17,380,buy,NYSE
tx_0001635,2025-06-17 09:36:18,AMZN,3505.91,546,sell,NASDAQ
tx_0001071,2025-06-17 09:36:20,FB,331.39,844,buy,NASDAQ
tx_0001585,2025-06-17 09:36:25,AMZN,3540.12,663,buy,NASDAQ
tx_0005391,2025-06-17 09:36:31,PEP,151.11,924,sell,NYSE
tx_0009566,2025-06-17 09:36:31,NVDA,198.41,448,buy,NASDAQ
tx_0000499,2025-06-17 09:36:32,PYPL,249.38,525,buy,NASDAQ
tx_0003229,2025-06-17 09:36:32,AAPL,150.52,954,sell,NASDAQ
tx_0005091,2025-06-17 09:36:37,PG,138.72,590,buy,NYSE
tx_0003237,2025-06-17 09:36:37,KO,55.28,569,sell,NYSE
tx_0008525,2025-06-17 09:36:40,NFLX,496.24,879,sell,NASDAQ
tx_0007089,2025-06-17 09:36:51,V,225.14,624,sell,NYSE
tx_0006776,2025-06-17 09:36:52,BRK.B,280.66,992,buy,NYSE
tx_0000219,2025-06-17 09:36:55,FB,332.2,442,sell,NASDAQ
tx_0001357,2025-06-17 09:37:00,NVDA,195.78,940,buy,NASDAQ
tx_0004493,2025-06-17 09:37:02,PYPL,248.51,429,buy,NASDAQ
tx_0001714,2025-06-17 09:37:03,BRK.B,280.77,206,buy,NYSE
tx_0000073,2025-06-17 09:37:07,AMZN,3523.93,133,buy,NASDAQ
tx_0009767,2025-06-17 09:37:08,NVDA,197.61,349,sell,NASDAQ
tx_0002886,2025-06-17 09:37:10,NFLX,496.6,186,buy,NASDAQ
tx_0007610,2025-06-17 09:37:12,MCD,249.07,100,buy,NYSE
tx_0008033,2025-06-17 09:37:15,V,224.74,678,buy,NYSE
tx_0004520,2025-06-17 09:37:16,JNJ,171.08,662,buy,NYSE
tx_0005304,2025-06-17 09:37:16,ADBE,608.89,818,buy,NASDAQ
tx_0001991,2025-06-17 09:37:16,ADBE,607.76,789,sell,NASDAQ
tx_0002432,2025-06-17 09:37:22,MCD,248.29,825,buy,NYSE
tx_0004907,2025-06-17 09:37:23,BRK.B,282.03,539,buy,NYSE
tx_0003392,2025-06-17 09:37:31,MA,353.42,925,sell,NYSE
tx_0006246,2025-06-17 09:37:32,AMZN,3518.18,788,sell,NASDAQ
tx_0008654,2025-06-17 09:37:41,NFLX,488.95,279,buy,NASDAQ
tx_0007338,2025-06-17 09:37:44,PYPL,247.15,170,sell,NASDAQ
tx_0007532,2025-06-17 09:37:46,FB,330.75,797,buy,NASDAQ
tx_0003401,2025-06-17 09:37:51,MA,352.66,110,buy,NYSE
tx_0003916,2025-06-17 09:37:51,NFLX,493.08,507,sell,NASDAQ
tx_0002173,2025-06-17 09:37:51,DIS,177.45,266,buy,
tx_0008219,2025-06-17 09:38:00,PEP,152.64,182,buy,NYSE
tx_0001398,2025-06-17 09:38:01,AAPL,150.09,232,sell,NASDAQ
tx_0004109,2025-06-17 09:38:06,NVDA,196.14,720,sell,NASDAQ
tx_0003942,2025-06-17 09:38:10,NVDA,195.08,266,sell,NASDAQ
tx_0002929,2025-06-17 09:38:10,JNJ,167.27,381,sell,NYSE
tx_0006304,2025-06-17 09:38:11,ADBE,607.01,192,sell,NASDAQ
tx_0006284,2025-06-17 09:38:12,WMT,139.51,668,buy,NYSE
tx_0009268,2025-06-17 09:38:13,PYPL,250.34,447,buy,NASDAQ
tx_0005042,2025-06-17 09:38:15,AAPL,150.22,201,buy,NASDAQ
tx_0008719,2025-06-17 09:38:16,DIS,177.23,521,sell,NYSE
tx_0008968,2025-06-17 09:38:18,JNJ,168.0,889,buy,NYSE
tx_0009505,2025-06-17 09:38:19,V,220.62,476,buy,NYSE
tx_0005834,2025-06-17 09:38:23,NVDA,198.68,303,sell,NASDAQ
tx_0007792,2025-06-17 09:38:24,PYPL,248.65,846,sell,NASDAQ
tx_0007330,2025-06-17 09:38:33,WMT,141.08,857,buy,NYSE
tx_0005584,2025-06-17 09:38:41,GOOGL,2803.41,845,sell,NASDAQ
tx_0000832,2025-06-17 09:38:42,GOOGL,2827.2,331,buy,NASDAQ
tx_0009244,2025-06-17 09:38:44,MSFT,305.89,753,buy,NASDAQ
tx_0001664,2025-06-17 09:38:45,GOOGL,2845.84,491,buy,NASDAQ
tx_0009331,2025-06-17 09:38:45,PEP,151.74,852,sell,NYSE
tx_0006489,2025-06-17 09:38:45,WMT,139.85,970,buy,NYSE
tx_0001295,2025-06-17 09:38:46,PEP,151.08,595,buy,NYSE
tx_0002050,2025-06-17 09:38:50,AMZN,3506.66,668,sell,NASDAQ
tx_0005086,2025-06-17 09:38:50,NFLX,490.26,761,buy,NASDAQ
tx_0002936,2025-06-17 09:38:55,DIS,178.15,335,sell,NYSE
tx_0000476,2025-06-17 09:38:56,V,223.75,299,sell,NYSE
tx_0005891,2025-06-17 09:38:58,WMT,139.34,555,sell,NYSE
tx_0003364,2025-06-17 09:38:58,ADBE,604.39,675,buy,NASDAQ
tx_0009496,2025-06-17 09:39:01,V,222.04,953,buy,NYSE
tx_0003292,2025-06-17 09:39:03,MSFT,302.89,575,sell,NASDAQ
tx_0005943,2025-06-17 09:39:07,PEP,151.77,521,sell,NYSE
tx_0009449,2025-06-17 09:39:08,MCD,246.76,625,buy,NYSE
tx_0007460,2025-06-17 09:39:08,ADBE,601.64,748,sell,NASDAQ
tx_0000407,2025-06-17 09:39:09,BRK.B,277.17,372,sell,NYSE
tx_0007805,2025-06-17 09:39:10,DIS,180.65,254,buy,NYSE
tx_0007506,2025-06-17 09:39:12,MSFT,306.43,242,buy,NASDAQ
tx_0002907,2025-06-17 09:39:14,JNJ,170.41,495,sell,NYSE
tx_0008064,2025-06-17 09:39:17,MA,349.78,677,sell,NYSE
tx_0005853,2025-06-17 09:39:18,NFLX,487.46,571,sell,NASDAQ
tx_0003638,2025-06-17 09:39:19,KO,55.26,271,buy,NYSE
tx_0002163,2025-06-17 09:39:26,MCD,247.56,519,sell,NYSE
tx_0002290,2025-06-17 09:39:28,MA,349.13,206,sell,NYSE
tx_0006330,2025-06-17 09:39:28,MSFT,304.38,227,,NASDAQ
tx_0009332,2025-06-17 09:39:31,NVDA,195.51,555,sell,NASDAQ
tx_0002946,2025-06-17 09:39:36,TSLA,702.0,894,sell,NASDAQ
tx_0003866,2025-06-17 09:39:52,DIS,178.94,604,sell,NYSE
tx_0001026,2025-06-17 09:39:53,AAPL,150.79,468,sell,NASDAQ
tx_0009743,2025-06-17 09:39:58,PG,138.84,316,sell,NYSE
tx_0004307,2025-06-17 09:39:58,AAPL,148.94,410,buy,NASDAQ
tx_0008896,2025-06-17 09:40:03,KO,54.48,459,buy,NYSE
tx_0002913,2025-06-17 09:40:04,AMZN,3547.85,104,sell,NASDAQ
tx_0005681,2025-06-17 09:40:04,JNJ,169.05,579,sell,NYSE
tx_0005245,2025-06-17 09:40:06,DIS,178.65,698,sell,NYSE
tx_0008810,2025-06-17 09:40:10,AMZN,3509.85,916,sell,NASDAQ
tx_0000910,2025-06-17 09:40:11,MSFT,306.54,811,sell,NASDAQ
tx_0005005,2025-06-17 09:40:13,WMT,141.23,114,buy,NYSE
tx_0000610,2025-06-17 09:40:16,BRK.B,279.11,557,buy,NYSE
tx_0004819,2025-06-17 09:40:16,DIS,179.18,812,sell,NYSE
tx_0005697,2025-06-17 09:40:20,TSLA,701.87,209,buy,NASDAQ
tx_0009978,2025-06-17 09:40:20,TSLA,700.13,519,sell,NASDAQ
tx_0009678,2025-06-17 09:40:21,V,223.03,890,sell,NYSE
tx_0006592,2025-06-17 09:40:21,KO,54.45,520,sell,NYSE
tx_0005690,2025-06-17 09:40:22,GOOGL,2832.86,218,buy,NASDAQ
tx_0008580,2025-06-17 09:40:23,AAPL,150.25,124,sell,NASDAQ
tx_0008558,2025-06-17 09:40:24,FB,334.72,714,sell,NASDAQ
tx_0009396,2025-06-17 09:40:27,MA,347.72,680,sell,NYSE
tx_0005010,2025-06-17 09:40:35,BRK.B,276.26,689,buy,NYSE
tx_0008046,2025-06-17 09:40:37,WMT,139.94,478,buy,NYSE
tx_0008468,2025-06-17 09:40:37,V,223.92,652,buy,NYSE
tx_0001384,2025-06-17 09:40:39,PG,139.19,748,sell,NYSE
tx_0009252,2025-06-17 09:40:39,AAPL,147.61,969,sell,NASDAQ
tx_0008793,2025-06-17 09:40:42,V,223.89,231,sell,NYSE
tx_0004415,2025-06-17 09:40:43,MCD,247.02,918,,NYSE
tx_0006797,2025-06-17 09:40:43,MSFT,305.46,101,buy,NASDAQ
tx_0008994,2025-06-17 09:40:43,NVDA,195.33,526,buy,NASDAQ
tx_0001955,2025-06-17 09:40:44,MA,348.0,971,sell,NYSE
tx_0003815,2025-06-17 09:40:49,GOOGL,2814.31,330,sell,NASDAQ
tx_0004364,2025-06-17 09:40:49,AMZN,3521.47,178,sell,NASDAQ
tx_0000835,2025-06-17 09:40:55,AAPL,149.1,353,sell,NASDAQ
tx_0007470,2025-06-17 09:40:59,MA,347.46,244,sell,NYSE
tx_0009034,2025-06-17 09:40:59,PEP,149.95,776,buy,NYSE
tx_0002197,2025-06-17 09:41:06,NFLX,491.97,376,sell,NASDAQ
tx_0009314,2025-06-17 09:41:06,FB,330.26,352,sell,NASDAQ
tx_0008178,2025-06-17 09:41:09,FB,334.51,537,buy,NASDAQ
tx_0000048,2025-06-17 09:41:10,MCD,245.76,379,buy,NYSE
tx_0005156,2025-06-17 09:41:10,MCD,246.73,990,buy,NYSE
tx_0004714,2025-06-17 09:41:11,PG,139.2,949,sell,NYSE
tx_0009892,2025-06-17 09:41:15,DIS,178.48,180,buy,NYSE
tx_0003537,2025-06-17 09:41:20,MA,348.11,356,sell,NYSE
tx_0002814,2025-06-17 09:41:21,AAPL,147.78,180,sell,NASDAQ
tx_0001423,2025-06-17 09:41:23,TSLA,707.68,828,sell,NASDAQ
tx_0001604,2025-06-17 09:41:25,NVDA,196.01,906,buy,NASDAQ
tx_0002720,2025-06-17 09:41:26,AMZN,3510.03,929,sell,NASDAQ
tx_0004422,2025-06-17 09:41:28,MSFT,307.58,619,sell,NASDAQ
tx_0002909,2025-06-17 09:41:29,DIS,177.94,833,sell,NYSE
tx_0001999,2025-06-17 09:41:36,V,225.04,623,sell,NYSE
tx_0002695,2025-06-17 09:41:44,WMT,139.38,818,sell,NYSE
tx_0006779,2025-06-17 09:41:45,MA,349.33,161,buy,NYSE
tx_0002078,2025-06-17 09:41:48,WMT,139.45,243,buy,NYSE
tx_0005466,2025-06-17 09:41:51,JNJ,169.16,164,sell,NYSE
tx_0008124,2025-06-17 09:41:54,BRK.B,279.08,848,sell,NYSE
tx_0000160,2025-06-17 09:41:56,KO,54.85,568,buy,NYSE
tx_0007194,2025-06-17 09:41:57,V,222.05,832,sell,NYSE
tx_0005894,2025-06-17 09:42:01,NFLX,482.76,712,buy,NASDAQ
tx_0005101,2025-06-17 09:42:06,BRK.B,277.13,658,buy,NYSE
tx_0005694,2025-06-17 09:42:06,ADBE,611.85,125,sell,NASDAQ
tx_0007990,2025-06-17 09:42:07,BRK.B,280.84,431,sell,NYSE
tx_0002841,2025-06-17 09:42:07,ADBE,606.0,289,buy,NASDAQ
tx_0003680,2025-06-17 09:42:09,KO,54.39,379,sell,NYSE
tx_0004539,2025-06-17 09:42:11,PEP,150.67,646,sell,NYSE
tx_0003425,2025-06-17 09:42:12,MCD,246.52,647,sell,NYSE
tx_0001633,2025-06-17 09:42:12,AAPL,149.69,185,buy,NASDAQ
tx_0004432,2025-06-17 09:42:19,DIS,180.65,928,buy,NYSE
tx_0000111,2025-06-17 09:42:19,ADBE,609.78,798,sell,NASDAQ
tx_0000303,2025-06-17 09:42:23,FB,333.8,870,buy,NASDAQ
tx_0006492,2025-06-17 09:42:25,JNJ,169.71,285,buy,NYSE
tx_0001598,2025-06-17 09:42:28,NVDA,197.17,898,sell,NASDAQ
tx_0003930,2025-06-17 09:42:28,GOOGL,2861.89,266,sell,NASDAQ
tx_0004403,2025-06-17 09:42:31,JNJ,168.25,575,buy,NYSE
tx_0004384,2025-06-17 09:42:32,WMT,140.46,349,sell,NYSE
tx_0007627,2025-06-17 09:42:40,TSLA,703.98,315,sell,NASDAQ
tx_0003927,2025-06-17 09:42:42,PYPL,250.41,723,buy,NASDAQ
tx_0003018,2025-06-17 09:42:46,ADBE,611.35,590,sell,NASDAQ
tx_0007688,2025-06-17 09:42:50,AAPL,149.82,320,sell,NASDAQ
tx_0009920,2025-06-17 09:42:51,JNJ,170.78,845,buy,NYSE
tx_0008216,2025-06-17 09:42:51,AMZN,3502.23,646,sell,NASDAQ
tx_0009809,2025-06-17 09:42:52,GOOGL,2833.51,561,sell,NASDAQ
tx_0001222,2025-06-17 09:42:53,ADBE,600.35,838,sell,NASDAQ
tx_0009438,2025-06-17 09:42:53,NFLX,,966,buy,NASDAQ
tx_0006397,2025-06-17 09:42:56,JNJ,170.44,646,sell,NYSE
tx_0003223,2025-06-17 09:42:59,NVDA,198.53,392,sell,NASDAQ
tx_0003037,2025-06-17 09:43:01,TSLA,699.86,463,sell,NASDAQ
tx_0009722,2025-06-17 09:43:03,PEP,151.22,644,sell,NYSE
tx_0001688,2025-06-17 09:43:07,TSLA,709.05,678,buy,NASDAQ
tx_0006640,2025-06-17 09:43:08,MCD,250.33,179,sell,NYSE
tx_0009089,2025-06-17 09:43:08,PYPL,250.47,854,sell,NASDAQ
tx_0001087,2025-06-17 09:43:09,MA,347.8,865,sell,NYSE
tx_0008632,2025-06-17 09:43:13,DIS,179.45,494,buy,NYSE
tx_0009953,2025-06-17 09:43:15,MA,350.18,275,buy,NYSE
tx_0008138,2025-06-17 09:43:16,AMZN,3510.71,724,buy,NASDAQ
tx_0007711,2025-06-17 09:43:23,TSLA,708.78,776,buy,NASDAQ
tx_0001534,2025-06-17 09:43:24,AAPL,148.29,962,sell,NASDAQ
tx_0003947,2025-06-17 09:43:26,BRK.B,277.46,495,sell,NYSE
tx_0007282,2025-06-17 09:43:27,PEP,151.07,878,,NYSE
tx_0007625,2025-06-17 09:43:30,PYPL,248.93,467,buy,NASDAQ
tx_0001602,2025-06-17 09:43:30,PEP,151.32,162,sell,NYSE
tx_0007678,2025-06-17 09:43:32,FB,329.89,851,buy,NASDAQ
tx_0008722,2025-06-17 09:43:33,PEP,151.74,536,buy,NYSE
tx_0009560,2025-06-17 09:43:34,FB,333.8,181,buy,NASDAQ
tx_0001749,2025-06-17 09:43:39,MSFT,304.85,787,sell,NASDAQ
tx_0008047,2025-06-17 09:43:44,WMT,139.94,731,buy,NYSE
tx_0000468,2025-06-17 09:43:45,MCD,248.24,987,sell,NYSE
tx_0003604,2025-06-17 09:43:47,TSLA,710.35,337,buy,NASDAQ
tx_0009713,2025-06-17 09:43:53,MA,351.3,331,buy,NYSE
tx_0005169,2025-06-17 09:43:57,MSFT,305.02,752,buy,NASDAQ
tx_0002738,2025-06-17 09:43:59,FB,,740,sell,NASDAQ
tx_0007180,2025-06-17 09:44:04,TSLA,704.53,842,sell,NASDAQ
tx_0001187,2025-06-17 09:44:04,MA,352.16,147,,NYSE
tx_0007430,2025-06-17 09:44:11,PG,139.34,495,sell,NYSE
tx_0000558,2025-06-17 09:44:12,NFLX,490.11,377,sell,NASDAQ
tx_0000495,2025-06-17 09:44:13,KO,54.4,133,sell,NYSE
tx_0009936,2025-06-17 09:44:13,MCD,247.37,586,buy,NYSE
tx_0004697,2025-06-17 09:44:18,ADBE,602.26,180,sell,NASDAQ
tx_0000679,2025-06-17 09:44:19,ADBE,605.75,702,sell,NASDAQ
tx_0009290,2025-06-17 09:44:28,FB,329.86,110,buy,NASDAQ
tx_0003837,2025-06-17 09:44:32,FB,331.0,678,sell,NASDAQ
tx_0004530,2025-06-17 09:44:32,ADBE,604.45,417,sell,NASDAQ
tx_0002337,2025-06-17 09:44:33,FB,330.58,336,sell,NASDAQ
tx_0008115,2025-06-17 09:44:34,PG,138.0,590,sell,NYSE
tx_0005741,2025-06-17 09:44:35,GOOGL,2899.77,542,sell,NASDAQ
tx_0009740,2025-06-17 09:44:43,ADBE,609.11,362,buy,NASDAQ
tx_0009965,2025-06-17 09:44:44,BRK.B,275.66,186,buy,NYSE
tx_0004758,2025-06-17 09:44:46,TSLA,712.86,621,buy,NASDAQ
tx_0000204,2025-06-17 09:44:47,MA,348.49,682,buy,NYSE
tx_0003933,2025-06-17 09:44:47,PG,137.99,212,sell,NYSE
tx_0005912,2025-06-17 09:44:48,JNJ,168.47,322,buy,NYSE
tx_0000427,2025-06-17 09:44:48,BRK.B,276.8,537,buy,NYSE
tx_0006808,2025-06-17 09:44:49,AMZN,3501.92,424,buy,NASDAQ
tx_0004933,2025-06-17 09:44:50,PYPL,249.4,574,buy,NASDAQ
tx_0003855,2025-06-17 09:44:50,PEP,150.98,769,sell,NYSE
tx_0002521,2025-06-17 09:45:00,PEP,152.16,255,buy,NYSE
tx_0000257,2025-06-17 09:45:01,FB,334.91,836,sell,NASDAQ
tx_0003982,2025-06-17 09:45:01,FB,334.74,779,buy,NASDAQ
tx_0004730,2025-06-17 09:45:04,GOOGL,2849.24,469,buy,NASDAQ
tx_0006516,2025-06-17 09:45:04,MA,348.89,194,buy,NYSE
tx_0000296,2025-06-17 09:45:06,PG,139.2,156,sell,NYSE
tx_0004896,2025-06-17 09:45:09,PYPL,249.8,800,buy,NASDAQ
tx_0007272,2025-06-17 09:45:14,PEP,149.97,209,sell,NYSE
tx_0001351,2025-06-17 09:45:22,KO,54.26,161,sell,NYSE
tx_0005071,2025-06-17 09:45:25,AAPL,146.58,546,sell,NASDAQ
tx_0006575,2025-06-17 09:45:28,PEP,149.62,368,buy,NYSE
tx_0008290,2025-06-17 09:45:31,NVDA,199.66,503,sell,NASDAQ
tx_0009485,2025-06-17 09:45:33,PG,138.23,723,sell,NYSE
tx_0008867,2025-06-17 09:45:33,GOOGL,2895.68,478,buy,NASDAQ
tx_0002560,2025-06-17 09:45:34,DIS,180.39,914,sell,NYSE
tx_0001016,2025-06-17 09:45:36,ADBE,609.82,566,buy,NASDAQ
tx_0005543,2025-06-17 09:45:46,JNJ,167.65,807,buy,NYSE
tx_0003034,2025-06-17 09:45:51,BRK.B,279.47,279,sell,NYSE
tx_0000803,2025-06-17 09:45:55,MA,345.88,228,sell,NYSE
tx_0004779,2025-06-17 09:46:01,PG,139.35,196,buy,NYSE
tx_0003575,2025-06-17 09:46:10,GOOGL,2900.8,839,sell,NASDAQ
tx_0005855,2025-06-17 09:46:11,KO,54.89,514,,NYSE
tx_0006657,2025-06-17 09:46:11,ADBE,606.96,189,sell,NASDAQ
tx_0002895,2025-06-17 09:46:17,WMT,141.98,483,buy,NYSE
tx_0006669,2025-06-17 09:46:22,DIS,181.16,220,sell,NYSE
tx_0002583,2025-06-17 09:46:25,GOOGL,2866.15,743,buy,NASDAQ
tx_0009495,2025-06-17 09:46:27,AMZN,3461.57,555,sell,NASDAQ
tx_0005500,2025-06-17 09:46:28,TSLA,707.89,747,sell,NASDAQ
tx_0006302,2025-06-17 09:46:28,WMT,140.62,244,sell,NYSE
tx_0003541,2025-06-17 09:46:31,WMT,140.87,693,sell,NYSE
tx_0003202,2025-06-17 09:46:31,MCD,247.4,711,sell,NYSE
tx_0003217,2025-06-17 09:46:31,GOOGL,2909.39,426,buy,NASDAQ
tx_0000667,2025-06-17 09:46:32,DIS,179.16,703,sell,NYSE
tx_0004765,2025-06-17 09:46:32,TSLA,702.34,561,sell,NASDAQ
tx_0004443,2025-06-17 09:46:34,NFLX,487.7,756,buy,NASDAQ
tx_0008211,2025-06-17 09:46:37,MA,345.78,201,sell,NYSE
tx_0002315,2025-06-17 09:46:41,NVDA,198.47,715,sell,NASDAQ
tx_0006915,2025-06-17 09:46:47,PYPL,249.01,218,buy,NASDAQ
tx_0000575,2025-06-17 09:46:47,MA,345.87,832,buy,NYSE
tx_0009184,2025-06-17 09:46:48,JNJ,170.03,148,sell,NYSE
tx_0000001,2025-06-17 09:46:48,WMT,141.38,792,sell,NYSE
tx_0004312,2025-06-17 09:46:51,NFLX,487.66,111,sell,NASDAQ
tx_0004275,2025-06-17 09:46:51,KO,54.02,821,buy,NYSE
tx_0003011,2025-06-17 09:46:51,GOOGL,2889.42,623,sell,NASDAQ
tx_0000411,2025-06-17 09:46:54,ADBE,605.56,519,buy,NASDAQ
tx_0001484,2025-06-17 09:46:57,ADBE,603.19,310,sell,NASDAQ
tx_0008686,2025-06-17 09:46:57,PG,137.94,135,buy,NYSE
tx_0006240,2025-06-17 09:46:58,NFLX,484.27,573,sell,NASDAQ
tx_0007047,2025-06-17 09:46:58,KO,54.16,835,sell,NYSE
tx_0006914,2025-06-17 09:47:02,KO,54.64,448,buy,NYSE
tx_0005960,2025-06-17 09:47:02,NVDA,197.9,358,buy,NASDAQ
tx_0005116,2025-06-17 09:47:05,NVDA,198.6,371,sell,NASDAQ
tx_0002844,2025-06-17 09:47:07,TSLA,709.41,824,buy,NASDAQ
tx_0002861,2025-06-17 09:47:10,ADBE,611.92,696,sell,NASDAQ
tx_0003307,2025-06-17 09:47:12,MA,347.74,891,sell,NYSE
tx_0003564,2025-06-17 09:47:15,AMZN,3481.12,461,buy,NASDAQ
tx_0007230,2025-06-17 09:47:15,NFLX,482.24,471,buy,NASDAQ
tx_0006796,2025-06-17 09:47:19,PEP,151.61,911,buy,NYSE
tx_0003088,2025-06-17 09:47:21,PEP,149.6,665,sell,NYSE
tx_0008045,2025-06-17 09:47:30,MCD,248.42,799,buy,NYSE
tx_0005730,2025-06-17 09:47:32,NVDA,197.2,253,sell,NASDAQ
tx_0008345,2025-06-17 09:47:33,AMZN,3504.98,135,sell,NASDAQ
tx_0001901,2025-06-17 09:47:39,BRK.B,275.74,877,buy,NYSE
tx_0009634,2025-06-17 09:47:41,BRK.B,275.07,248,buy,NYSE
tx_0002346,2025-06-17 09:47:46,KO,55.15,982,sell,NYSE
tx_0004977,2025-06-17 09:47:48,MSFT,308.65,159,buy,NASDAQ
tx_0008568,2025-06-17 09:47:48,AAPL,147.31,970,buy,NASDAQ
tx_0007948,2025-06-17 09:47:48,FB,330.56,291,sell,NASDAQ
tx_0009966,2025-06-17 09:47:49,FB,330.49,848,sell,NASDAQ
tx_0001923,2025-06-17 09:47:50,NVDA,198.03,765,buy,NASDAQ
tx_0007027,2025-06-17 09:47:53,BRK.B,276.06,967,sell,NYSE
tx_0000973,2025-06-17 09:47:56,PG,137.9,375,sell,NYSE
tx_0008195,2025-06-17 09:47:58,PEP,150.51,771,sell,NYSE
tx_0002443,2025-06-17 09:47:59,NVDA,199.48,338,buy,NASDAQ
tx_0007354,2025-06-17 09:48:01,JNJ,168.72,684,sell,NYSE
tx_0004219,2025-06-17 09:48:01,WMT,140.88,572,sell,NYSE
tx_0000795,2025-06-17 09:48:06,NVDA,197.19,106,buy,NASDAQ
tx_0008559,2025-06-17 09:48:09,AAPL,149.37,641,buy,NASDAQ
tx_0001803,2025-06-17 09:48:13,PEP,150.02,735,sell,NYSE
tx_0004346,2025-06-17 09:48:14,BRK.B,276.37,291,sell,NYSE
tx_0004727,2025-06-17 09:48:15,PG,138.26,361,buy,NYSE
tx_0002714,2025-06-17 09:48:17,PEP,150.61,514,buy,NYSE
tx_0004926,2025-06-17 09:48:19,MCD,247.33,664,sell,NYSE
tx_0009632,2025-06-17 09:48:19,MCD,243.42,937,buy,NYSE
tx_0002184,2025-06-17 09:48:20,ADBE,608.35,960,buy,
tx_0007705,2025-06-17 09:48:22,JNJ,169.69,622,sell,NYSE
tx_0004510,2025-06-17 09:48:24,NFLX,,365,sell,NASDAQ
tx_0003175,2025-06-17 09:48:25,MA,344.88,661,buy,NYSE
tx_0004049,2025-06-17 09:48:26,BRK.B,279.82,964,sell,NYSE
tx_0003967,2025-06-17 09:48:26,KO,54.69,465,sell,NYSE
tx_0009948,2025-06-17 09:48:35,MA,347.51,863,sell,NYSE
tx_0008514,2025-06-17 09:48:39,AAPL,149.82,259,buy,NASDAQ
tx_0002087,2025-06-17 09:48:40,BRK.B,277.92,655,buy,NYSE
tx_0008375,2025-06-17 09:48:41,BRK.B,277.28,671,buy,NYSE
tx_0000297,2025-06-17 09:48:47,JNJ,168.29,397,buy,NYSE
tx_0001628,2025-06-17 09:48:47,PG,141.14,154,buy,NYSE
tx_0009664,2025-06-17 09:48:52,DIS,181.62,643,buy,NYSE
tx_0006221,2025-06-17 09:48:55,PEP,150.59,197,sell,NYSE
tx_0003023,2025-06-17 09:48:57,AMZN,3528.25,608,sell,NASDAQ
tx_0000775,2025-06-17 09:49:06,ADBE,604.08,136,sell,
tx_0008116,2025-06-17 09:49:07,AMZN,3536.54,967,sell,NASDAQ
tx_0001190,2025-06-17 09:49:11,BRK.B,277.68,533,sell,NYSE
tx_0006378,2025-06-17 09:49:14,JNJ,170.45,328,buy,NYSE
tx_0003338,2025-06-17 09:49:14,ADBE,606.57,127,sell,NASDAQ
tx_0005048,2025-06-17 09:49:15,KO,,836,buy,NYSE
tx_0001946,2025-06-17 09:49:17,MSFT,304.66,711,buy,NASDAQ
tx_0009088,2025-06-17 09:49:18,AAPL,148.18,250,sell,NASDAQ
tx_0003580,2025-06-17 09:49:19,AAPL,147.62,504,sell,NASDAQ
tx_0006848,2025-06-17 09:49:20,PG,140.64,668,buy,NYSE
tx_0004677,2025-06-17 09:49:21,WMT,140.84,138,sell,NYSE
tx_0003308,2025-06-17 09:49:22,BRK.B,275.53,153,sell,NYSE
tx_0006596,2025-06-17 09:49:28,V,224.06,222,sell,NYSE
tx_0008898,2025-06-17 09:49:31,ADBE,612.12,442,buy,NASDAQ
tx_0000409,2025-06-17 09:49:39,NVDA,197.69,973,sell,NASDAQ
tx_0006676,2025-06-17 09:49:41,WMT,142.48,550,buy,NYSE
tx_0006994,2025-06-17 09:49:42,NFLX,489.69,209,buy,NASDAQ
tx_0006276,2025-06-17 09:49:43,PYPL,250.93,543,buy,NASDAQ
tx_0000534,2025-06-17 09:49:52,PYPL,248.79,251,buy,NASDAQ
tx_0006649,2025-06-17 09:49:52,PEP,149.26,208,sell,NYSE
tx_0008520,2025-06-17 09:49:54,MSFT,304.88,605,sell,NASDAQ
tx_0000796,2025-06-17 09:49:59,MCD,243.27,844,sell,NYSE
tx_0006937,2025-06-17 09:50:03,AMZN,3511.49,639,sell,NASDAQ
tx_0003474,2025-06-17 09:50:09,NVDA,197.31,800,buy,NASDAQ
tx_0000828,2025-06-17 09:50:11,JNJ,167.27,760,buy,NYSE
tx_0000646,2025-06-17 09:50:11,NFLX,484.1,162,sell,NASDAQ
tx_0005731,2025-06-17 09:50:11,KO,53.74,727,buy,NYSE
tx_0000816,2025-06-17 09:50:12,GOOGL,2878.16,650,buy,NASDAQ
tx_0000749,2025-06-17 09:50:19,MCD,243.36,332,sell,NYSE
tx_0007205,2025-06-17 09:50:19,WMT,142.69,755,buy,NYSE
tx_0001528,2025-06-17 09:50:20,MSFT,309.97,165,buy,NASDAQ
tx_0002203,2025-06-17 09:50:21,NFLX,489.56,590,sell,NASDAQ
tx_0000140,2025-06-17 09:50:27,ADBE,613.54,848,sell,NASDAQ
tx_0003547,2025-06-17 09:50:27,JNJ,169.3,965,buy,NYSE
tx_0007218,2025-06-17 09:50:29,GOOGL,2863.04,601,buy,NASDAQ
tx_0008149,2025-06-17 09:50:29,AMZN,3493.64,237,buy,NASDAQ
tx_0001217,2025-06-17 09:50:34,PEP,150.56,333,buy,NYSE
tx_0004953,2025-06-17 09:50:39,GOOGL,2898.74,603,buy,NASDAQ
tx_0001822,2025-06-17 09:50:45,BRK.B,277.07,582,sell,NYSE
tx_0008770,2025-06-17 09:50:49,PYPL,251.4,120,buy,NASDAQ
tx_0002953,2025-06-17 09:50:55,AMZN,3537.9,474,sell,
tx_0007327,2025-06-17 09:50:59,PG,139.2,745,sell,NYSE
tx_0002523,2025-06-17 09:51:04,AAPL,148.28,253,sell,NASDAQ
tx_0008141,2025-06-17 09:51:08,TSLA,708.26,661,buy,NASDAQ
tx_0008056,2025-06-17 09:51:08,WMT,140.34,318,sell,NYSE
tx_0007904,2025-06-17 09:51:08,GOOGL,2894.01,407,sell,NASDAQ
tx_0008564,2025-06-17 09:51:10,PG,140.6,395,buy,NYSE
tx_0005895,2025-06-17 09:51:13,NFLX,483.83,369,buy,NASDAQ
tx_0009008,2025-06-17 09:51:13,DIS,180.61,330,buy,NYSE
tx_0004247,2025-06-17 09:51:16,NVDA,196.05,186,buy,NASDAQ
tx_0007905,2025-06-17 09:51:19,BRK.B,279.55,684,sell,NYSE
tx_0008347,2025-06-17 09:51:19,PG,139.72,392,sell,NYSE
tx_0004555,2025-06-17 09:51:20,NFLX,483.77,220,sell,NASDAQ
tx_0005377,2025-06-17 09:51:24,MA,345.48,968,buy,NYSE
tx_0005219,2025-06-17 09:51:26,NVDA,195.89,159,buy,NASDAQ
tx_0001261,2025-06-17 09:51:28,PG,139.89,176,buy,NYSE
tx_0006683,2025-06-17 09:51:32,DIS,183.03,204,buy,NYSE
tx_0004675,2025-06-17 09:51:40,JNJ,169.47,496,sell,NYSE
tx_0000574,2025-06-17 09:51:42,PEP,151.51,379,buy,NYSE
tx_0006207,2025-06-17 09:51:45,KO,53.93,120,sell,NYSE
tx_0009469,2025-06-17 09:51:53,KO,54.59,740,sell,NYSE
tx_0005915,2025-06-17 09:51:53,AAPL,147.87,540,sell,NASDAQ
tx_0009786,2025-06-17 09:51:56,PG,139.37,513,sell,NYSE
tx_0002056,2025-06-17 09:51:56,FB,329.1,543,buy,NASDAQ
tx_0003888,2025-06-17 09:52:02,MSFT,309.13,831,buy,NASDAQ
tx_0000477,2025-06-17 09:52:03,PEP,151.59,610,buy,NYSE
tx_0003216,2025-06-17 09:52:05,MA,347.14,585,buy,NYSE
tx_0006498,2025-06-17 09:52:07,GOOGL,2832.62,975,sell,NASDAQ
tx_0003618,2025-06-17 09:52:10,AAPL,149.9,504,buy,NASDAQ
tx_0004876,2025-06-17 09:52:11,MA,348.54,437,,NYSE
tx_0001141,2025-06-17 09:52:13,JNJ,167.05,565,buy,NYSE
tx_0001907,2025-06-17 09:52:20,MA,346.97,229,sell,NYSE
tx_0002114,2025-06-17 09:52:21,MSFT,306.46,230,buy,NASDAQ
tx_0001092,2025-06-17 09:52:22,TSLA,701.62,276,buy,NASDAQ
tx_0000855,2025-06-17 09:52:24,DIS,181.56,392,sell,NYSE
tx_0009186,2025-06-17 09:52:28,NFLX,486.34,903,buy,NASDAQ
tx_0006057,2025-06-17 09:52:29,PYPL,248.06,938,sell,NASDAQ
tx_0007053,2025-06-17 09:52:30,PG,138.48,890,sell,NYSE
tx_0002706,2025-06-17 09:52:31,FB,331.13,943,buy,NASDAQ
tx_0001734,2025-06-17 09:52:40,TSLA,707.64,949,sell,NASDAQ
tx_0000434,2025-06-17 09:52:41,GOOGL,2857.48,405,sell,NASDAQ
tx_0009292,2025-06-17 09:52:42,PG,138.95,117,buy,NYSE
tx_0006350,2025-06-17 09:52:43,AMZN,3557.07,346,sell,NASDAQ
tx_0003276,2025-06-17 09:52:44,NFLX,488.11,705,sell,NASDAQ
tx_0005044,2025-06-17 09:52:51,PYPL,249.94,532,sell,NASDAQ
tx_0004367,2025-06-17 09:52:52,TSLA,699.91,155,sell,NASDAQ
tx_0003164,2025-06-17 09:52:58,ADBE,609.14,677,buy,NASDAQ
tx_0000352,2025-06-17 09:52:58,NVDA,201.49,981,buy,NASDAQ
tx_0004170,2025-06-17 09:53:01,FB,331.73,117,sell,NASDAQ
tx_0002902,2025-06-17 09:53:06,NVDA,199.61,780,buy,NASDAQ
tx_0000368,2025-06-17 09:53:07,WMT,140.98,263,sell,NYSE
tx_0006098,2025-06-17 09:53:11,MCD,245.01,929,buy,NYSE
tx_0004873,2025-06-17 09:53:12,PEP,151.7,184,sell,NYSE
tx_0005487,2025-06-17 09:53:21,JNJ,167.5,390,buy,NYSE
tx_0004212,2025-06-17 09:53:21,PYPL,248.55,671,sell,NASDAQ
tx_0000822,2025-06-17 09:53:25,FB,335.98,581,buy,NASDAQ
tx_0003938,2025-06-17 09:53:27,AAPL,150.12,196,buy,NASDAQ
tx_0005198,2025-06-17 09:53:29,AAPL,149.32,400,buy,NASDAQ
tx_0000820,2025-06-17 09:53:36,PYPL,253.12,460,sell,NASDAQ
tx_0005771,2025-06-17 09:53:38,MCD,246.46,636,buy,NYSE
tx_0009031,2025-06-17 09:53:38,MA,348.56,748,buy,NYSE
tx_0009279,2025-06-17 09:53:39,PYPL,249.69,774,buy,NASDAQ
tx_0002093,2025-06-17 09:53:41,WMT,140.79,703,buy,NYSE
tx_0003976,2025-06-17 09:53:43,AAPL,150.19,107,buy,NASDAQ
tx_0003396,2025-06-17 09:53:46,WMT,143.41,981,buy,NYSE
tx_0009243,2025-06-17 09:53:56,ADBE,603.8,574,buy,NASDAQ
tx_0006819,2025-06-17 09:53:58,PEP,153.15,561,buy,NYSE
tx_0008169,2025-06-17 09:54:00,PG,139.83,867,sell,NYSE
tx_0009413,2025-06-17 09:54:01,AMZN,3515.61,850,buy,NASDAQ
tx_0003825,2025-06-17 09:54:01,GOOGL,2910.11,687,buy,NASDAQ
tx_0005523,2025-06-17 09:54:03,KO,53.73,967,buy,NYSE
tx_0005129,2025-06-17 09:54:12,V,224.99,301,buy,NYSE
tx_0009500,2025-06-17 09:54:14,NVDA,200.89,155,sell,NASDAQ
tx_0002366,2025-06-17 09:54:18,DIS,181.77,558,sell,NYSE
tx_0001154,2025-06-17 09:54:19,WMT,142.72,486,buy,NYSE
tx_0002718,2025-06-17 09:54:25,PYPL,252.84,832,sell,NASDAQ
tx_0006615,2025-06-17 09:54:28,PEP,152.4,814,sell,NYSE
tx_0004642,2025-06-17 09:54:29,KO,53.66,542,sell,NYSE
tx_0008789,2025-06-17 09:54:29,PYPL,248.49,238,sell,NASDAQ
tx_0000554,2025-06-17 09:54:30,MCD,247.98,769,sell,NYSE
tx_0001912,2025-06-17 09:54:30,V,227.15,327,buy,NYSE
tx_0001620,2025-06-17 09:54:31,V,226.22,512,sell,NYSE
tx_0006111,2025-06-17 09:54:35,KO,53.83,550,sell,NYSE
tx_0002062,2025-06-17 09:54:43,MA,352.74,511,sell,
tx_0003655,2025-06-17 09:54:45,ADBE,608.37,136,sell,NASDAQ
tx_0001102,2025-06-17 09:54:48,DIS,180.17,794,buy,NYSE
tx_0005790,2025-06-17 09:54:54,TSLA,699.87,155,sell,NASDAQ
tx_0000281,2025-06-17 09:54:56,JNJ,168.63,897,sell,NYSE
tx_0001325,2025-06-17 09:54:57,TSLA,705.59,692,,NASDAQ
tx_0004243,2025-06-17 09:54:58,TSLA,707.12,792,buy,NASDAQ
tx_0000119,2025-06-17 09:54:59,PEP,152.34,800,buy,NYSE
tx_0009429,2025-06-17 09:54:59,JNJ,,977,buy,NYSE
tx_0007269,2025-06-17 09:55:02,DIS,181.77,796,buy,NYSE
tx_0003721,2025-06-17 09:55:03,PEP,154.02,873,sell,NYSE
tx_0005626,2025-06-17 09:55:10,V,222.63,744,buy,NYSE
tx_0007245,2025-06-17 09:55:12,MA,352.64,465,buy,NYSE
tx_0009556,2025-06-17 09:55:14,TSLA,698.56,424,buy,NASDAQ
tx_0008903,2025-06-17 09:55:18,MSFT,309.01,467,sell,NASDAQ
tx_0004297,2025-06-17 09:55:19,V,225.86,778,sell,NYSE
tx_0004651,2025-06-17 09:55:21,GOOGL,2898.79,817,sell,NASDAQ
tx_0001897,2025-06-17 09:55:22,AMZN,3547.26,869,buy,NASDAQ
tx_0003644,2025-06-17 09:55:22,PG,140.93,355,sell,NYSE
tx_0006709,2025-06-17 09:55:26,PYPL,247.79,641,sell,NASDAQ
tx_0005461,2025-06-17 09:55:26,AAPL,148.02,241,,NASDAQ
tx_0000133,2025-06-17 09:55:30,MA,350.82,757,sell,NYSE
tx_0004997,2025-06-17 09:55:33,PYPL,247.22,874,buy,NASDAQ
tx_0006497,2025-06-17 09:55:33,V,224.46,292,buy,NYSE
tx_0000337,2025-06-17 09:55:36,MCD,246.02,140,sell,NYSE
tx_0005020,2025-06-17 09:55:43,TSLA,699.81,121,buy,NASDAQ
tx_0008825,2025-06-17 09:55:45,FB,333.39,492,sell,NASDAQ
tx_0008291,2025-06-17 09:55:48,KO,54.75,672,sell,NYSE
tx_0000267,2025-06-17 09:55:49,NVDA,199.83,595,sell,NASDAQ
tx_0005166,2025-06-17 09:55:49,ADBE,607.8,643,buy,NASDAQ
tx_0009475,2025-06-17 09:55:51,KO,54.67,259,buy,NYSE
tx_0001292,2025-06-17 09:55:53,NVDA,200.08,421,sell,NASDAQ
tx_0009411,2025-06-17 09:55:56,NFLX,497.03,979,buy,NASDAQ
tx_0006054,2025-06-17 09:55:56,V,226.01,920,sell,NYSE
tx_0009509,2025-06-17 09:55:56,ADBE,606.17,616,buy,NASDAQ
tx_0000808,2025-06-17 09:55:57,FB,329.37,164,sell,NASDAQ
tx_0003615,2025-06-17 09:55:57,AMZN,3537.54,181,buy,NASDAQ
tx_0000397,2025-06-17 09:55:59,ADBE,603.85,718,sell,NASDAQ
tx_0007104,2025-06-17 09:56:01,JNJ,168.33,579,sell,NYSE
tx_0001424,2025-06-17 09:56:03,ADBE,612.51,864,buy,NASDAQ
tx_0003149,2025-06-17 09:56:12,DIS,182.7,908,buy,NYSE
tx_0002379,2025-06-17 09:56:13,V,226.0,684,sell,NYSE
tx_0003020,2025-06-17 09:56:13,V,224.7,375,sell,NYSE
tx_0004148,2025-06-17 09:56:16,PG,140.07,625,buy,NYSE
tx_0003651,2025-06-17 09:56:21,PG,138.36,814,buy,NYSE
tx_0006586,2025-06-17 09:56:25,MCD,246.04,867,sell,NYSE
tx_0005587,2025-06-17 09:56:35,KO,54.4,607,sell,NYSE
tx_0006553,2025-06-17 09:56:35,NVDA,198.31,881,sell,NASDAQ
tx_0006558,2025-06-17 09:56:35,WMT,142.92,319,buy,NYSE
tx_0006166,2025-06-17 09:56:37,MSFT,308.15,155,sell,NASDAQ
tx_0005539,2025-06-17 09:56:40,TSLA,706.26,430,sell,NASDAQ
tx_0002284,2025-06-17 09:56:48,WMT,142.28,729,buy,NYSE
tx_0005842,2025-06-17 09:56:53,MA,351.2,626,sell,NYSE
tx_0003043,2025-06-17 09:56:59,GOOGL,2860.86,902,sell,NASDAQ
tx_0008597,2025-06-17 09:57:02,AAPL,149.81,892,buy,NASDAQ
tx_0005082,2025-06-17 09:57:04,ADBE,611.19,314,sell,NASDAQ
tx_0002517,2025-06-17 09:57:04,FB,329.36,701,buy,NASDAQ
tx_0007300,2025-06-17 09:57:05,MCD,249.48,684,sell,NYSE
tx_0003029,2025-06-17 09:57:06,DIS,182.15,494,sell,NYSE
tx_0006213,2025-06-17 09:57:06,MCD,246.26,648,buy,NYSE
tx_0001171,2025-06-17 09:57:07,PG,139.8,227,buy,NYSE
tx_0003653,2025-06-17 09:57:08,GOOGL,2873.57,749,sell,NASDAQ
tx_0000015,2025-06-17 09:57:11,PG,138.7,181,buy,NYSE
tx_0003221,2025-06-17 09:57:13,DIS,182.22,247,sell,NYSE
tx_0006440,2025-06-17 09:57:14,AAPL,150.49,486,sell,NASDAQ
tx_0002021,2025-06-17 09:57:16,AMZN,3503.46,214,sell,NASDAQ
tx_0003555,2025-06-17 09:57:17,DIS,182.56,304,sell,NYSE
tx_0001124,2025-06-17 09:57:20,MSFT,308.85,707,buy,NASDAQ
tx_0004323,2025-06-17 09:57:24,NVDA,199.85,540,buy,NASDAQ
tx_0003379,2025-06-17 09:57:26,MCD,249.86,433,buy,NYSE
tx_0006452,2025-06-17 09:57:27,WMT,143.11,752,buy,NYSE
tx_0003125,2025-06-17 09:57:28,NFLX,495.41,371,buy,NASDAQ
tx_0003309,2025-06-17 09:57:29,TSLA,697.27,486,sell,NASDAQ
tx_0004685,2025-06-17 09:57:31,PYPL,251.13,885,buy,NASDAQ
tx_0006082,2025-06-17 09:57:36,DIS,182.01,210,sell,NYSE
tx_0003870,2025-06-17 09:57:40,MCD,244.78,822,sell,NYSE
tx_0004088,2025-06-17 09:57:49,TSLA,697.56,116,buy,NASDAQ
tx_0008148,2025-06-17 09:57:53,NFLX,494.4,169,buy,NASDAQ
tx_0007184,2025-06-17 09:57:54,MCD,247.54,985,sell,NYSE
tx_0004618,2025-06-17 09:57:54,MCD,247.23,717,sell,NYSE
tx_0009551,2025-06-17 09:58:01,TSLA,698.23,367,sell,NASDAQ
tx_0009817,2025-06-17 09:58:05,BRK.B,278.58,785,buy,NYSE
tx_0007041,2025-06-17 09:58:06,DIS,182.09,156,sell,NYSE
tx_0001642,2025-06-17 09:58:06,MA,347.39,829,sell,NYSE
tx_0006753,2025-06-17 09:58:07,NVDA,202.34,397,buy,NASDAQ
tx_0007793,2025-06-17 09:58:09,NVDA,201.43,306,sell,NASDAQ
tx_0001386,2025-06-17 09:58:10,PG,139.99,886,sell,NYSE
tx_0007952,2025-06-17 09:58:16,KO,54.78,291,sell,NYSE
tx_0007079,2025-06-17 09:58:16,NFLX,494.87,784,buy,NASDAQ
tx_0002494,2025-06-17 09:58:28,KO,53.98,746,buy,NYSE
tx_0008082,2025-06-17 09:58:31,MSFT,307.9,412,sell,NASDAQ
tx_0007633,2025-06-17 09:58:32,PEP,154.36,662,sell,NYSE
tx_0006394,2025-06-17 09:58:33,GOOGL,2888.31,836,buy,NASDAQ
tx_0000528,2025-06-17 09:58:48,JNJ,166.76,885,buy,NYSE
tx_0007234,2025-06-17 09:58:50,WMT,140.43,414,sell,NYSE
tx_0007538,2025-06-17 09:58:51,JNJ,169.0,485,buy,NYSE
tx_0003672,2025-06-17 09:58:55,WMT,140.62,133,sell,NYSE
tx_0005484,2025-06-17 09:59:01,NVDA,198.71,464,buy,NASDAQ
tx_0008210,2025-06-17 09:59:03,JNJ,168.91,780,buy,NYSE
tx_0000061,2025-06-17 09:59:04,AAPL,150.95,987,buy,NASDAQ
tx_0005220,2025-06-17 09:59:05,DIS,183.84,576,buy,NYSE
tx_0009932,2025-06-17 09:59:07,GOOGL,2874.42,288,buy,NASDAQ
tx_0005590,2025-06-17 09:59:12,GOOGL,2915.76,426,sell,NASDAQ
tx_0006572,2025-06-17 09:59:13,PYPL,249.18,155,buy,NASDAQ
tx_0004784,2025-06-17 09:59:15,JNJ,167.68,222,sell,NYSE
tx_0009262,2025-06-17 09:59:16,NFLX,500.27,488,sell,NASDAQ
tx_0004686,2025-06-17 09:59:16,PYPL,246.79,711,buy,NASDAQ
tx_0009238,2025-06-17 09:59:17,MSFT,311.28,626,sell,NASDAQ
tx_0008800,2025-06-17 09:59:19,NFLX,500.32,253,buy,NASDAQ
tx_0009306,2025-06-17 09:59:20,FB,332.82,440,buy,NASDAQ
tx_0000867,2025-06-17 09:59:26,PEP,153.89,392,buy,NYSE
tx_0001331,2025-06-17 09:59:29,PG,141.78,227,sell,NYSE
tx_0002067,2025-06-17 09:59:30,MCD,247.58,595,buy,NYSE
tx_0003330,2025-06-17 09:59:33,AAPL,150.96,778,buy,NASDAQ
tx_0001514,2025-06-17 09:59:39,NFLX,498.61,567,sell,NASDAQ
tx_0006655,2025-06-17 09:59:44,PEP,153.49,556,buy,NYSE
tx_0009669,2025-06-17 09:59:52,MA,347.44,799,sell,NYSE
tx_0000342,2025-06-17 09:59:55,AAPL,149.88,729,buy,NASDAQ
tx_0002153,2025-06-17 09:59:57,TSLA,700.48,234,sell,NASDAQ
tx_0005162,2025-06-17 09:59:58,GOOGL,2906.75,259,buy,NASDAQ
tx_0009114,2025-06-17 09:59:58,WMT,141.81,505,sell,NYSE
tx_0001937,2025-06-17 09:59:58,JNJ,166.75,926,sell,NYSE
tx_0007732,2025-06-17 09:59:59,PEP,154.78,847,buy,NYSE
tx_0005729,2025-06-17 10:00:00,PYPL,247.98,850,buy,NASDAQ
tx_0006593,2025-06-17 10:00:02,PEP,155.26,919,buy,NYSE
tx_0004939,2025-06-17 10:00:04,FB,336.09,842,sell,NASDAQ
tx_0007276,2025-06-17 10:00:06,AAPL,151.17,700,sell,NASDAQ
tx_0006419,2025-06-17 10:00:06,NVDA,198.67,995,buy,NASDAQ
tx_0006301,2025-06-17 10:00:06,PEP,152.6,989,,NYSE
tx_0006860,2025-06-17 10:00:06,FB,330.14,682,sell,NASDAQ
tx_0008393,2025-06-17 10:00:07,FB,333.5,938,buy,NASDAQ
tx_0006252,2025-06-17 10:00:10,JNJ,169.24,198,buy,NYSE
tx_0006831,2025-06-17 10:00:12,ADBE,607.99,355,sell,NASDAQ
tx_0000494,2025-06-17 10:00:15,PG,141.0,126,buy,NYSE
tx_0001161,2025-06-17 10:00:15,PEP,152.68,168,sell,NYSE
tx_0001131,2025-06-17 10:00:18,FB,329.7,725,sell,NASDAQ
tx_0002235,2025-06-17 10:00:19,DIS,184.38,367,sell,NYSE
tx_0003623,2025-06-17 10:00:20,WMT,140.19,898,buy,NYSE
tx_0003383,2025-06-17 10:00:25,WMT,141.15,224,buy,NYSE
tx_0002431,2025-06-17 10:00:25,MCD,247.86,861,buy,NYSE
tx_0008005,2025-06-17 10:00:25,NVDA,199.55,972,buy,NASDAQ
tx_0004154,2025-06-17 10:00:26,GOOGL,2877.21,697,sell,NASDAQ
tx_0009623,2025-06-17 10:00:26,PG,142.22,842,sell,NYSE
tx_0003140,2025-06-17 10:00:27,TSLA,706.08,807,sell,NASDAQ
tx_0008068,2025-06-17 10:00:29,NFLX,501.58,259,buy,NASDAQ
tx_0003817,2025-06-17 10:00:31,NVDA,199.2,473,buy,NASDAQ
tx_0008262,2025-06-17 10:00:34,PEP,154.09,572,sell,NYSE
tx_0000720,2025-06-17 10:00:34,MSFT,308.12,438,sell,NASDAQ
tx_0007090,2025-06-17 10:00:34,JNJ,167.0,924,sell,NYSE
tx_0009789,2025-06-17 10:00:34,TSLA,703.99,869,sell,NASDAQ
tx_0005650,2025-06-17 10:00:36,V,223.39,529,sell,NYSE
tx_0005149,2025-06-17 10:00:36,PG,,931,sell,NYSE
tx_0007015,2025-06-17 10:00:38,AAPL,150.08,531,sell,NASDAQ
tx_0003611,2025-06-17 10:00:41,FB,335.43,209,buy,NASDAQ
tx_0004249,2025-06-17 10:00:43,PG,142.51,120,sell,NYSE
tx_0005998,2025-06-17 10:00:44,MA,347.84,122,sell,NYSE
tx_0007521,2025-06-17 10:00:44,MCD,244.2,784,buy,NYSE
tx_0004545,2025-06-17 10:00:50,NVDA,200.95,609,sell,NASDAQ
tx_0009132,2025-06-17 10:00:51,AMZN,3548.09,591,sell,NASDAQ
tx_0003989,2025-06-17 10:00:52,PEP,154.16,769,buy,NYSE
tx_0004327,2025-06-17 10:00:54,DIS,185.86,538,sell,NYSE
tx_0004459,2025-06-17 10:00:57,GOOGL,2913.79,482,sell,NASDAQ
tx_0005495,2025-06-17 10:01:00,TSLA,710.48,121,sell,NASDAQ
tx_0009053,2025-06-17 10:01:01,PEP,154.45,186,sell,NYSE
tx_0005939,2025-06-17 10:01:06,PG,140.98,114,buy,NYSE
tx_0005448,2025-06-17 10:01:09,AMZN,3521.93,168,sell,NASDAQ
tx_0006560,2025-06-17 10:01:09,MSFT,312.45,942,buy,NASDAQ
tx_0004535,2025-06-17 10:01:11,V,223.87,870,buy,NYSE
tx_0007923,2025-06-17 10:01:13,PG,141.74,942,buy,NYSE
tx_0005278,2025-06-17 10:01:16,WMT,142.12,148,buy,NYSE
tx_0007997,2025-06-17 10:01:17,PG,142.14,942,sell,NYSE
tx_0001193,2025-06-17 10:01:21,NFLX,499.43,790,buy,NASDAQ
tx_0007274,2025-06-17 10:01:23,PG,140.87,327,buy,NYSE
tx_0002253,2025-06-17 10:01:27,JNJ,167.85,613,sell,NYSE
tx_0007478,2025-06-17 10:01:31,AMZN,3576.89,651,buy,NASDAQ
tx_0000193,2025-06-17 10:01:33,AMZN,3541.32,179,sell,NASDAQ
tx_0008808,2025-06-17 10:01:41,GOOGL,2894.85,651,buy,NASDAQ
tx_0006551,2025-06-17 10:01:44,KO,54.73,780,buy,NYSE
tx_0002372,2025-06-17 10:01:44,MSFT,310.73,389,sell,NASDAQ
tx_0009742,2025-06-17 10:01:45,JNJ,168.53,406,buy,NYSE
tx_0002339,2025-06-17 10:01:46,TSLA,709.04,774,sell,NASDAQ
tx_0002336,2025-06-17 10:01:47,WMT,141.04,392,sell,NYSE
tx_0002226,2025-06-17 10:01:50,FB,334.45,760,sell,NASDAQ
tx_0001789,2025-06-17 10:01:52,AAPL,149.55,688,buy,NASDAQ
tx_0000269,2025-06-17 10:01:53,MA,347.48,455,buy,NYSE
tx_0002106,2025-06-17 10:01:56,AAPL,151.3,632,sell,NASDAQ
tx_0004976,2025-06-17 10:02:01,V,223.22,931,buy,NYSE
tx_0002590,2025-06-17 10:02:03,DIS,183.77,971,sell,NYSE
tx_0009046,2025-06-17 10:02:03,FB,331.2,295,sell,NASDAQ
tx_0003356,2025-06-17 10:02:04,GOOGL,2864.93,518,buy,NASDAQ
tx_0003519,2025-06-17 10:02:15,GOOGL,2879.57,319,sell,NASDAQ
tx_0008087,2025-06-17 10:02:16,KO,54.77,244,buy,NYSE
tx_0008409,2025-06-17 10:02:17,V,223.82,298,buy,NYSE
tx_0009379,2025-06-17 10:02:21,PG,140.64,955,buy,NYSE
tx_0004373,2025-06-17 10:02:21,PYPL,249.47,259,sell,NASDAQ
tx_0001103,2025-06-17 10:02:21,DIS,185.06,633,buy,NYSE
tx_0005865,2025-06-17 10:02:22,AAPL,150.47,551,sell,NASDAQ
tx_0006203,2025-06-17 10:02:24,DIS,183.42,956,sell,NYSE
tx_0004849,2025-06-17 10:02:26,PG,142.05,326,sell,NYSE
tx_0005182,2025-06-17 10:02:27,NVDA,200.05,250,buy,NASDAQ
tx_0007042,2025-06-17 10:02:28,TSLA,710.85,157,sell,NASDAQ
tx_0007809,2025-06-17 10:02:29,AAPL,151.44,172,buy,NASDAQ
tx_0001575,2025-06-17 10:02:32,TSLA,704.55,349,buy,NASDAQ
tx_0002398,2025-06-17 10:02:39,V,225.28,718,buy,NYSE
tx_0001627,2025-06-17 10:02:40,PG,139.64,831,sell,NYSE
tx_0002949,2025-06-17 10:02:41,PEP,154.8,180,buy,NYSE
tx_0000996,2025-06-17 10:02:43,WMT,142.5,917,sell,NYSE
tx_0003584,2025-06-17 10:02:44,KO,53.9,736,sell,NYSE
tx_0005756,2025-06-17 10:02:46,BRK.B,276.26,465,,NYSE
tx_0005132,2025-06-17 10:02:46,NFLX,495.59,823,sell,NASDAQ
tx_0000542,2025-06-17 10:02:46,DIS,183.44,529,sell,NYSE
tx_0001919,2025-06-17 10:02:47,V,223.18,230,buy,NYSE
tx_0004781,2025-06-17 10:02:48,MSFT,309.18,330,buy,NASDAQ
tx_0007546,2025-06-17 10:02:51,MA,349.12,756,sell,NYSE
tx_0008955,2025-06-17 10:02:53,AMZN,3554.35,507,buy,NASDAQ
tx_0009655,2025-06-17 10:02:57,KO,54.46,524,buy,NYSE
tx_0008926,2025-06-17 10:02:58,AMZN,3553.77,720,sell,NASDAQ
tx_0003707,2025-06-17 10:02:59,AMZN,,640,sell,NASDAQ
tx_0006876,2025-06-17 10:03:00,MSFT,309.51,251,sell,NASDAQ
tx_0006230,2025-06-17 10:03:05,BRK.B,276.98,232,buy,NYSE
tx_0001898,2025-06-17 10:03:08,MCD,245.0,814,sell,NYSE
tx_0003936,2025-06-17 10:03:18,GOOGL,2877.23,164,buy,NASDAQ
tx_0009030,2025-06-17 10:03:23,BRK.B,273.96,647,buy,NYSE
tx_0000413,2025-06-17 10:03:34,NVDA,200.16,652,sell,NASDAQ
tx_0002452,2025-06-17 10:03:35,FB,334.52,681,sell,NASDAQ
tx_0003353,2025-06-17 10:03:37,PYPL,244.48,480,buy,NASDAQ
tx_0005823,2025-06-17 10:03:38,NFLX,497.65,583,buy,NASDAQ
tx_0008679,2025-06-17 10:03:39,FB,333.13,110,buy,NASDAQ
tx_0007682,2025-06-17 10:03:41,PG,140.96,421,buy,NYSE
tx_0008467,2025-06-17 10:03:48,BRK.B,274.64,738,buy,NYSE
tx_0006563,2025-06-17 10:03:51,AAPL,150.7,928,buy,NASDAQ
tx_0005087,2025-06-17 10:03:52,FB,335.07,837,buy,NASDAQ
tx_0002889,2025-06-17 10:03:55,V,224.08,192,sell,NYSE
tx_0008025,2025-06-17 10:04:01,PG,139.86,985,sell,NYSE
tx_0007759,2025-06-17 10:04:05,FB,335.68,757,sell,NASDAQ
tx_0002511,2025-06-17 10:04:08,PEP,154.71,443,sell,NYSE
tx_0003064,2025-06-17 10:04:10,WMT,139.98,305,sell,NYSE
tx_0007297,2025-06-17 10:04:12,PEP,153.72,948,buy,NYSE
tx_0003040,2025-06-17 10:04:12,DIS,183.37,664,buy,NYSE
tx_0007776,2025-06-17 10:04:14,AMZN,3539.2,184,sell,NASDAQ
tx_0004242,2025-06-17 10:04:19,TSLA,698.26,473,buy,NASDAQ
tx_0007695,2025-06-17 10:04:24,NFLX,501.47,836,buy,NASDAQ
tx_0006109,2025-06-17 10:04:25,GOOGL,2883.9,765,sell,NASDAQ
tx_0001933,2025-06-17 10:04:33,JNJ,166.04,597,buy,NYSE
tx_0006156,2025-06-17 10:04:34,PYPL,247.11,848,sell,NASDAQ
tx_0003215,2025-06-17 10:04:45,PEP,152.42,677,sell,NYSE
tx_0002747,2025-06-17 10:04:47,BRK.B,275.02,322,sell,NYSE
tx_0005471,2025-06-17 10:04:51,MCD,241.83,225,buy,NYSE
tx_0009036,2025-06-17 10:04:51,AMZN,3540.4,121,buy,NASDAQ
tx_0009793,2025-06-17 10:04:51,JNJ,166.08,495,sell,NYSE
tx_0000123,2025-06-17 10:04:55,KO,54.43,447,sell,NYSE
tx_0008736,2025-06-17 10:04:56,PYPL,249.5,433,buy,NASDAQ
tx_0008910,2025-06-17 10:04:56,V,226.45,580,buy,NYSE
tx_0003559,2025-06-17 10:04:57,TSLA,707.54,293,sell,NASDAQ
tx_0001097,2025-06-17 10:04:58,WMT,140.36,491,buy,NYSE
tx_0005335,2025-06-17 10:04:59,MA,355.03,809,buy,NYSE
tx_0002592,2025-06-17 10:05:03,PG,141.76,618,sell,NYSE
tx_0001655,2025-06-17 10:05:06,BRK.B,279.56,131,buy,NYSE
tx_0003451,2025-06-17 10:05:06,AAPL,149.15,657,buy,NASDAQ
tx_0006528,2025-06-17 10:05:06,PEP,153.89,780,sell,NYSE
tx_0000117,2025-06-17 10:05:07,MCD,244.21,896,sell,NYSE
tx_0001643,2025-06-17 10:05:13,PEP,154.3,960,sell,NYSE
tx_0006396,2025-06-17 10:05:16,JNJ,165.34,920,buy,NYSE
tx_0008758,2025-06-17 10:05:19,MSFT,309.2,708,buy,NASDAQ
tx_0006093,2025-06-17 10:05:22,FB,332.59,320,sell,NASDAQ
tx_0008473,2025-06-17 10:05:25,V,225.78,436,buy,NYSE
tx_0002519,2025-06-17 10:05:26,PYPL,249.89,931,buy,NASDAQ
tx_0000730,2025-06-17 10:05:28,DIS,182.52,270,sell,NYSE
tx_0001863,2025-06-17 10:05:31,V,223.29,797,buy,NYSE
tx_0003787,2025-06-17 10:05:32,NFLX,502.85,909,buy,NASDAQ
tx_0009188,2025-06-17 10:05:35,MA,350.89,504,buy,NYSE
tx_0005926,2025-06-17 10:05:40,WMT,141.13,896,sell,NYSE
tx_0004097,2025-06-17 10:05:41,AAPL,150.17,927,buy,NASDAQ
tx_0002579,2025-06-17 10:05:44,MA,351.18,450,buy,NYSE
tx_0003279,2025-06-17 10:05:44,JNJ,166.81,153,sell,NYSE
tx_0004722,2025-06-17 10:05:46,MCD,244.08,686,sell,NYSE
tx_0001146,2025-06-17 10:05:48,PEP,152.58,887,buy,NYSE
tx_0007917,2025-06-17 10:05:50,AAPL,148.04,467,sell,NASDAQ
tx_0002587,2025-06-17 10:05:51,JNJ,166.75,872,sell,NYSE
tx_0005870,2025-06-17 10:05:51,JNJ,167.45,218,sell,NYSE
tx_0002481,2025-06-17 10:05:53,MSFT,310.79,460,buy,NASDAQ
tx_0006189,2025-06-17 10:05:54,GOOGL,2884.78,512,buy,NASDAQ
tx_0002010,2025-06-17 10:05:54,NFLX,497.93,638,sell,NASDAQ
tx_0001189,2025-06-17 10:05:56,FB,330.64,411,sell,NASDAQ
tx_0005751,2025-06-17 10:05:57,ADBE,616.34,699,buy,NASDAQ
tx_0001829,2025-06-17 10:06:01,V,225.98,785,sell,NYSE
tx_0008921,2025-06-17 10:06:07,DIS,183.02,363,sell,NYSE
tx_0001487,2025-06-17 10:06:07,FB,333.59,936,sell,NASDAQ
tx_0008344,2025-06-17 10:06:07,AAPL,149.18,799,sell,NASDAQ
tx_0000929,2025-06-17 10:06:08,PEP,152.06,416,sell,NYSE
tx_0003791,2025-06-17 10:06:10,BRK.B,274.8,515,sell,NYSE
tx_0006749,2025-06-17 10:06:14,GOOGL,2871.22,613,buy,NASDAQ
tx_0003904,2025-06-17 10:06:15,BRK.B,277.62,414,buy,NYSE
tx_0004278,2025-06-17 10:06:15,TSLA,703.64,672,buy,
tx_0005744,2025-06-17 10:06:16,ADBE,618.66,859,sell,NASDAQ
tx_0009964,2025-06-17 10:06:17,MSFT,311.99,481,sell,NASDAQ
tx_0007187,2025-06-17 10:06:18,DIS,183.75,810,sell,NYSE
tx_0008159,2025-06-17 10:06:19,MSFT,309.6,921,buy,NASDAQ
tx_0007448,2025-06-17 10:06:19,PYPL,248.64,675,buy,NASDAQ
tx_0001807,2025-06-17 10:06:27,V,225.35,467,sell,NYSE
tx_0005305,2025-06-17 10:06:28,TSLA,696.21,360,buy,NASDAQ
tx_0000310,2025-06-17 10:06:29,KO,54.82,193,sell,NYSE
tx_0003992,2025-06-17 10:06:31,AAPL,149.62,939,buy,NASDAQ
tx_0003737,2025-06-17 10:06:33,MA,350.83,180,buy,NYSE
tx_0007715,2025-06-17 10:06:35,FB,331.09,490,sell,NASDAQ
tx_0004238,2025-06-17 10:06:36,PEP,153.93,468,sell,NYSE
tx_0007485,2025-06-17 10:06:39,MA,351.16,457,sell,NYSE
tx_0006150,2025-06-17 10:06:44,PEP,152.37,694,buy,NYSE
tx_0008695,2025-06-17 10:06:45,PEP,152.92,226,buy,NYSE
tx_0003440,2025-06-17 10:06:47,ADBE,617.04,113,sell,NASDAQ
tx_0002492,2025-06-17 10:06:50,V,224.19,310,sell,NYSE
tx_0006084,2025-06-17 10:06:53,ADBE,616.89,832,buy,NASDAQ
tx_0006068,2025-06-17 10:06:53,AMZN,3554.57,386,buy,NASDAQ
tx_0007273,2025-06-17 10:06:54,MA,350.0,328,buy,NYSE
tx_0007938,2025-06-17 10:06:58,MA,356.2,698,buy,NYSE
tx_0008286,2025-06-17 10:06:59,KO,53.69,252,buy,NYSE
tx_0000128,2025-06-17 10:07:01,WMT,139.28,416,buy,NYSE
tx_0006320,2025-06-17 10:07:03,GOOGL,2883.92,288,buy,NASDAQ
tx_0006459,2025-06-17 10:07:05,GOOGL,2903.39,933,buy,NASDAQ
tx_0009237,2025-06-17 10:07:08,PYPL,247.56,136,sell,NASDAQ
tx_0008920,2025-06-17 10:07:14,MCD,240.8,850,sell,NYSE
tx_0004715,2025-06-17 10:07:15,NFLX,500.02,127,sell,NASDAQ
tx_0004108,2025-06-17 10:07:16,GOOGL,2903.82,487,buy,NASDAQ
tx_0005547,2025-06-17 10:07:17,TSLA,690.13,411,buy,NASDAQ
tx_0001860,2025-06-17 10:07:20,KO,54.42,881,sell,NYSE
tx_0005289,2025-06-17 10:07:21,TSLA,691.43,331,sell,NASDAQ
tx_0006376,2025-06-17 10:07:23,MCD,243.66,332,buy,NYSE
tx_0000626,2025-06-17 10:07:23,TSLA,696.36,397,buy,NASDAQ
tx_0002283,2025-06-17 10:07:26,AMZN,3553.28,382,buy,NASDAQ
tx_0000986,2025-06-17 10:07:28,BRK.B,280.24,165,buy,NYSE
tx_0000092,2025-06-17 10:07:28,PYPL,248.23,720,buy,NASDAQ
tx_0008531,2025-06-17 10:07:28,NVDA,202.57,833,buy,NASDAQ
tx_0008364,2025-06-17 10:07:32,ADBE,610.07,508,buy,NASDAQ
tx_0009523,2025-06-17 10:07:33,PYPL,248.67,241,sell,NASDAQ
tx_0001812,2025-06-17 10:07:36,MSFT,312.04,874,buy,NASDAQ
tx_0001152,2025-06-17 10:07:37,V,225.79,828,sell,NYSE
tx_0003104,2025-06-17 10:07:39,PYPL,248.81,753,buy,NASDAQ
tx_0007415,2025-06-17 10:07:39,KO,53.92,308,sell,NYSE
tx_0000331,2025-06-17 10:07:43,DIS,184.82,799,buy,NYSE
tx_0004303,2025-06-17 10:07:49,NFLX,503.85,497,sell,NASDAQ
tx_0004338,2025-06-17 10:07:51,MSFT,307.89,788,buy,NASDAQ
tx_0005736,2025-06-17 10:07:54,V,225.89,622,sell,NYSE
tx_0006078,2025-06-17 10:07:56,ADBE,615.94,207,sell,NASDAQ
tx_0008109,2025-06-17 10:07:59,TSLA,694.03,332,sell,NASDAQ
tx_0005846,2025-06-17 10:08:00,PYPL,245.69,508,buy,NASDAQ
tx_0000787,2025-06-17 10:08:00,MA,351.37,423,buy,NYSE
tx_0009369,2025-06-17 10:08:04,AMZN,3557.08,393,buy,NASDAQ
tx_0007292,2025-06-17 10:08:04,MCD,243.94,440,sell,NYSE
tx_0005906,2025-06-17 10:08:05,NVDA,201.75,865,buy,NASDAQ
tx_0006750,2025-06-17 10:08:06,JNJ,166.25,761,buy,NYSE
tx_0004169,2025-06-17 10:08:08,NFLX,502.76,180,sell,NASDAQ
tx_0006474,2025-06-17 10:08:09,JNJ,164.96,463,sell,NYSE
tx_0001934,2025-06-17 10:08:12,NVDA,201.11,448,buy,NASDAQ
tx_0005780,2025-06-17 10:08:12,PG,,189,sell,NYSE
tx_0001630,2025-06-17 10:08:17,MCD,241.86,873,sell,NYSE
tx_0008887,2025-06-17 10:08:25,MCD,241.37,757,sell,NYSE
tx_0006043,2025-06-17 10:08:29,FB,333.09,773,sell,NASDAQ
tx_0009928,2025-06-17 10:08:32,BRK.B,279.9,234,sell,NYSE
tx_0005954,2025-06-17 10:08:33,TSLA,702.17,590,buy,NASDAQ
tx_0006457,2025-06-17 10:08:35,PYPL,244.07,629,sell,NASDAQ
tx_0005451,2025-06-17 10:08:36,BRK.B,276.42,214,buy,NYSE
tx_0001713,2025-06-17 10:08:40,KO,54.03,513,sell,NYSE
tx_0005155,2025-06-17 10:08:46,PG,142.19,625,sell,NYSE
tx_0003749,2025-06-17 10:08:48,NVDA,199.05,663,buy,NASDAQ
tx_0003409,2025-06-17 10:08:48,AAPL,148.15,564,sell,NASDAQ
tx_0000437,2025-06-17 10:08:51,NVDA,202.35,549,buy,NASDAQ
tx_0006426,2025-06-17 10:08:53,AMZN,3580.13,131,sell,NASDAQ
tx_0004823,2025-06-17 10:08:55,PG,141.93,711,sell,NYSE
tx_0009150,2025-06-17 10:08:58,ADBE,611.74,142,sell,NASDAQ
tx_0005828,2025-06-17 10:09:06,PG,141.71,210,buy,NYSE
tx_0003483,2025-06-17 10:09:10,WMT,138.83,269,sell,NYSE
tx_0009901,2025-06-17 10:09:13,PG,140.41,942,buy,NYSE
tx_0008341,2025-06-17 10:09:16,PG,140.9,784,buy,NYSE
tx_0000173,2025-06-17 10:09:16,GOOGL,2876.94,132,sell,NASDAQ
tx_0009741,2025-06-17 10:09:16,AAPL,150.17,985,buy,NASDAQ
tx_0000316,2025-06-17 10:09:17,ADBE,613.66,502,sell,NASDAQ
tx_0008372,2025-06-17 10:09:18,KO,54.02,686,buy,NYSE
tx_0004614,2025-06-17 10:09:18,AMZN,3580.31,930,sell,NASDAQ
tx_0007508,2025-06-17 10:09:18,NVDA,201.65,987,sell,NASDAQ
tx_0004145,2025-06-17 10:09:24,WMT,139.2,238,buy,NYSE
tx_0001830,2025-06-17 10:09:24,NVDA,200.73,249,sell,NASDAQ
tx_0002189,2025-06-17 10:09:29,DIS,183.92,860,buy,NYSE
tx_0006299,2025-06-17 10:09:31,GOOGL,2922.95,725,buy,NASDAQ
tx_0005844,2025-06-17 10:09:35,TSLA,697.96,174,buy,NASDAQ
tx_0009492,2025-06-17 10:09:35,PEP,151.69,106,sell,NYSE
tx_0006672,2025-06-17 10:09:35,AMZN,3576.62,434,sell,NASDAQ
tx_0007718,2025-06-17 10:09:36,V,,922,sell,NYSE
tx_0002270,2025-06-17 10:09:38,AMZN,3580.33,978,sell,NASDAQ
tx_0006026,2025-06-17 10:09:39,PYPL,246.74,473,buy,NASDAQ
tx_0002867,2025-06-17 10:09:42,PG,141.54,585,buy,NYSE
tx_0003807,2025-06-17 10:09:42,V,222.73,746,sell,NYSE
tx_0004830,2025-06-17 10:09:44,PEP,152.41,523,buy,NYSE
tx_0001686,2025-06-17 10:09:45,FB,337.01,728,buy,NASDAQ
tx_0009481,2025-06-17 10:09:48,V,224.75,414,sell,NYSE
tx_0006909,2025-06-17 10:09:52,AMZN,3595.09,306,buy,NASDAQ
tx_0009217,2025-06-17 10:09:53,MA,351.07,694,sell,NYSE
tx_0002638,2025-06-17 10:09:55,WMT,138.91,815,buy,NYSE
tx_0009246,2025-06-17 10:09:58,MSFT,309.56,960,sell,NASDAQ
tx_0004379,2025-06-17 10:09:59,MCD,239.81,279,sell,NYSE
tx_0004204,2025-06-17 10:09:59,MCD,243.05,581,buy,NYSE
tx_0000482,2025-06-17 10:10:01,NFLX,503.98,838,buy,NASDAQ
tx_0005014,2025-06-17 10:10:01,GOOGL,2913.29,531,buy,NASDAQ
tx_0001944,2025-06-17 10:10:01,JNJ,167.56,189,sell,NYSE
tx_0000392,2025-06-17 10:10:05,WMT,139.97,263,buy,NYSE
tx_0002186,2025-06-17 10:10:06,PYPL,247.56,273,buy,NASDAQ
tx_0000582,2025-06-17 10:10:06,TSLA,696.74,895,sell,NASDAQ
tx_0008690,2025-06-17 10:10:07,NVDA,201.44,305,sell,NASDAQ
tx_0004794,2025-06-17 10:10:12,ADBE,,821,sell,NASDAQ
tx_0002456,2025-06-17 10:10:17,PG,140.01,799,sell,NYSE
tx_0007959,2025-06-17 10:10:19,GOOGL,2892.62,707,buy,NASDAQ
tx_0009611,2025-06-17 10:10:20,PEP,151.1,985,sell,NYSE
tx_0005695,2025-06-17 10:10:21,V,225.67,494,buy,NYSE
tx_0005263,2025-06-17 10:10:25,PYPL,243.96,471,sell,NASDAQ
tx_0007572,2025-06-17 10:10:26,PG,141.22,363,buy,NYSE
tx_0003607,2025-06-17 10:10:28,MCD,242.32,503,sell,NYSE
tx_0009220,2025-06-17 10:10:32,JNJ,165.24,508,buy,NYSE
tx_0001022,2025-06-17 10:10:41,PG,138.59,678,buy,NYSE
tx_0003402,2025-06-17 10:10:42,MA,354.45,690,sell,NYSE
tx_0000997,2025-06-17 10:10:43,WMT,138.49,983,buy,NYSE
tx_0005002,2025-06-17 10:10:56,GOOGL,2876.52,194,sell,NASDAQ
tx_0007262,2025-06-17 10:10:58,NVDA,198.59,260,buy,NASDAQ
tx_0002165,2025-06-17 10:10:59,V,223.06,210,buy,NYSE
tx_0008539,2025-06-17 10:11:00,TSLA,696.78,225,sell,NASDAQ
tx_0003931,2025-06-17 10:11:07,AMZN,3567.55,350,sell,NASDAQ
tx_0001458,2025-06-17 10:11:09,PYPL,246.66,973,sell,NASDAQ
tx_0003785,2025-06-17 10:11:15,AAPL,148.35,839,sell,NASDAQ
tx_0006226,2025-06-17 10:11:20,AMZN,3575.75,601,sell,NASDAQ
tx_0001535,2025-06-17 10:11:30,GOOGL,2893.31,462,buy,NASDAQ
tx_0009265,2025-06-17 10:11:30,PYPL,244.54,947,sell,NASDAQ
tx_0000063,2025-06-17 10:11:34,TSLA,691.64,627,buy,NASDAQ
tx_0004532,2025-06-17 10:11:35,AMZN,3575.8,504,sell,NASDAQ
tx_0007057,2025-06-17 10:11:42,PEP,150.83,431,buy,NYSE
tx_0003313,2025-06-17 10:11:46,WMT,140.52,260,buy,NYSE
tx_0003784,2025-06-17 10:11:47,MA,351.64,109,sell,NYSE
tx_0005832,2025-06-17 10:11:47,MCD,244.42,715,sell,NYSE
tx_0001781,2025-06-17 10:11:48,AAPL,147.66,425,sell,NASDAQ
tx_0000592,2025-06-17 10:11:49,MA,355.66,952,buy,NYSE
tx_0008391,2025-06-17 10:11:50,MCD,240.73,408,sell,NYSE
tx_0004197,2025-06-17 10:11:53,GOOGL,2932.81,191,sell,NASDAQ
tx_0008179,2025-06-17 10:11:53,DIS,181.88,450,sell,NYSE
tx_0006421,2025-06-17 10:11:57,JNJ,167.4,997,buy,NYSE
tx_0001899,2025-06-17 10:11:58,V,226.72,113,sell,NYSE
tx_0005008,2025-06-17 10:11:58,WMT,138.16,390,buy,NYSE
tx_0008145,2025-06-17 10:11:59,DIS,182.83,853,buy,NYSE
tx_0001396,2025-06-17 10:12:04,TSLA,701.64,835,sell,NASDAQ
tx_0008261,2025-06-17 10:12:07,MA,354.46,241,sell,NYSE
tx_0002780,2025-06-17 10:12:09,FB,328.96,148,sell,NASDAQ
tx_0003191,2025-06-17 10:12:10,WMT,139.1,311,buy,NYSE
tx_0007225,2025-06-17 10:12:13,FB,333.78,397,sell,NASDAQ
tx_0008939,2025-06-17 10:12:14,V,226.96,716,sell,NYSE
tx_0008019,2025-06-17 10:12:15,FB,335.21,256,sell,NASDAQ
tx_0000848,2025-06-17 10:12:16,FB,330.34,815,sell,NASDAQ
tx_0001932,2025-06-17 10:12:16,WMT,138.29,674,buy,NYSE
tx_0009868,2025-06-17 10:12:19,NVDA,199.11,856,sell,NASDAQ
tx_0009711,2025-06-17 10:12:22,NVDA,202.4,326,buy,NASDAQ
tx_0001294,2025-06-17 10:12:24,PG,141.22,451,sell,NYSE
tx_0002646,2025-06-17 10:12:24,AAPL,147.83,965,buy,NASDAQ
tx_0000895,2025-06-17 10:12:27,V,222.84,531,sell,NYSE
tx_0008419,2025-06-17 10:12:29,DIS,183.86,680,sell,NYSE
tx_0004076,2025-06-17 10:12:29,BRK.B,278.22,664,buy,NYSE
tx_0008134,2025-06-17 10:12:30,ADBE,610.51,301,buy,NASDAQ
tx_0001982,2025-06-17 10:12:33,NVDA,201.84,582,sell,NASDAQ
tx_0004258,2025-06-17 10:12:35,AAPL,148.07,653,buy,NASDAQ
tx_0004061,2025-06-17 10:12:37,GOOGL,2914.98,489,buy,NASDAQ
tx_0002943,2025-06-17 10:12:38,KO,53.3,173,sell,NYSE
tx_0005223,2025-06-17 10:12:39,GOOGL,2894.46,485,buy,NASDAQ
tx_0006433,2025-06-17 10:12:47,TSLA,689.41,551,buy,NASDAQ
tx_0001566,2025-06-17 10:12:53,AMZN,3535.71,634,sell,NASDAQ
tx_0006395,2025-06-17 10:12:54,NFLX,500.05,584,sell,NASDAQ
tx_0006559,2025-06-17 10:12:57,MSFT,310.98,905,buy,NASDAQ
tx_0000272,2025-06-17 10:12:57,GOOGL,2928.82,764,buy,NASDAQ
tx_0005119,2025-06-17 10:13:02,JNJ,166.82,212,sell,NYSE
tx_0009322,2025-06-17 10:13:02,KO,53.82,361,sell,NYSE
tx_0006114,2025-06-17 10:13:09,NFLX,,274,buy,NASDAQ
tx_0006271,2025-06-17 10:13:09,MSFT,311.61,852,buy,NASDAQ
tx_0008053,2025-06-17 10:13:10,PG,138.68,752,buy,NYSE
tx_0000647,2025-06-17 10:13:13,FB,334.67,414,sell,NASDAQ
tx_0004807,2025-06-17 10:13:16,PYPL,244.63,966,sell,NASDAQ
tx_0007651,2025-06-17 10:13:20,MSFT,314.36,705,sell,NASDAQ
tx_0004024,2025-06-17 10:13:26,V,225.13,686,sell,NYSE
tx_0002381,2025-06-17 10:13:26,AAPL,150.59,482,buy,NASDAQ
tx_0005971,2025-06-17 10:13:27,V,226.28,769,buy,NYSE
tx_0006443,2025-06-17 10:13:30,MSFT,311.01,868,buy,NASDAQ
tx_0008631,2025-06-17 10:13:30,AAPL,150.18,363,sell,NASDAQ
tx_0007883,2025-06-17 10:13:31,FB,335.21,986,buy,NASDAQ
tx_0000902,2025-06-17 10:13:37,JNJ,166.89,370,sell,NYSE
tx_0003157,2025-06-17 10:13:41,MA,352.84,812,buy,NYSE
tx_0002684,2025-06-17 10:13:50,DIS,181.83,255,sell,NYSE
tx_0000998,2025-06-17 10:13:53,WMT,138.73,353,sell,NYSE
tx_0000254,2025-06-17 10:13:54,V,222.59,308,,NYSE
tx_0003142,2025-06-17 10:14:00,MA,355.49,487,buy,NYSE
tx_0003298,2025-06-17 10:14:03,MCD,240.14,851,buy,NYSE
tx_0002147,2025-06-17 10:14:07,AAPL,149.8,584,sell,NASDAQ
tx_0008660,2025-06-17 10:14:08,WMT,140.97,329,sell,NYSE
tx_0004595,2025-06-17 10:14:10,ADBE,617.55,463,buy,NASDAQ
tx_0007443,2025-06-17 10:14:13,NVDA,200.57,106,buy,NASDAQ
tx_0001367,2025-06-17 10:14:18,V,225.17,756,buy,NYSE
tx_0003917,2025-06-17 10:14:20,MA,350.1,826,sell,NYSE
tx_0008129,2025-06-17 10:14:21,BRK.B,279.93,430,sell,NYSE
tx_0007137,2025-06-17 10:14:22,PG,140.95,975,sell,NYSE
tx_0004811,2025-06-17 10:14:26,TSLA,698.03,117,sell,NASDAQ
tx_0003820,2025-06-17 10:14:26,JNJ,166.37,679,sell,NYSE
tx_0009345,2025-06-17 10:14:29,BRK.B,277.12,726,buy,NYSE
tx_0009498,2025-06-17 10:14:30,BRK.B,280.73,918,buy,NYSE
tx_0003331,2025-06-17 10:14:31,NFLX,499.96,435,buy,NASDAQ
tx_0000745,2025-06-17 10:14:35,PEP,150.85,336,buy,NYSE
tx_0003682,2025-06-17 10:14:40,MSFT,314.91,965,sell,NASDAQ
tx_0009574,2025-06-17 10:14:42,V,224.2,973,buy,NYSE
tx_0007251,2025-06-17 10:14:47,PEP,148.44,355,sell,NYSE
tx_0000431,2025-06-17 10:14:48,MSFT,311.85,326,sell,NASDAQ
tx_0009094,2025-06-17 10:14:52,NVDA,199.85,193,buy,NASDAQ
tx_0002239,2025-06-17 10:14:53,GOOGL,2872.93,279,buy,NASDAQ
tx_0001395,2025-06-17 10:14:54,MCD,242.88,848,buy,NYSE
tx_0005093,2025-06-17 10:14:54,AAPL,150.53,778,sell,NASDAQ
tx_0007105,2025-06-17 10:14:56,NFLX,502.94,249,buy,NASDAQ
tx_0004418,2025-06-17 10:15:00,BRK.B,275.22,900,sell,NYSE
tx_0001207,2025-06-17 10:15:02,MSFT,315.52,235,buy,NASDAQ
tx_0005743,2025-06-17 10:15:04,ADBE,613.86,340,buy,NASDAQ
tx_0009189,2025-06-17 10:15:05,PEP,150.53,261,buy,NYSE
tx_0007847,2025-06-17 10:15:16,FB,334.75,746,sell,NASDAQ
tx_0008306,2025-06-17 10:15:17,MCD,240.65,643,sell,NYSE
tx_0006209,2025-06-17 10:15:19,NVDA,199.53,977,buy,NASDAQ
tx_0001741,2025-06-17 10:15:19,GOOGL,2915.17,553,buy,NASDAQ
tx_0009157,2025-06-17 10:15:19,PG,138.46,739,sell,NYSE
tx_0007882,2025-06-17 10:15:21,PYPL,246.34,846,buy,NASDAQ
tx_0003027,2025-06-17 10:15:24,DIS,182.68,566,sell,NYSE
tx_0009359,2025-06-17 10:15:27,MSFT,310.87,452,sell,NASDAQ
tx_0009435,2025-06-17 10:15:29,NFLX,499.14,151,sell,NASDAQ
tx_0005592,2025-06-17 10:15:30,MCD,239.52,997,sell,NYSE
tx_0009099,2025-06-17 10:15:31,PEP,150.89,807,sell,NYSE
tx_0003556,2025-06-17 10:15:33,AAPL,149.33,493,buy,NASDAQ
tx_0004029,2025-06-17 10:15:39,JNJ,167.19,966,buy,
tx_0002082,2025-06-17 10:15:41,TSLA,692.7,705,sell,NASDAQ
tx_0001970,2025-06-17 10:15:42,PEP,149.93,240,buy,NYSE
tx_0005706,2025-06-17 10:15:48,FB,332.72,130,buy,NASDAQ
tx_0000957,2025-06-17 10:15:51,WMT,139.59,994,sell,NYSE
tx_0007661,2025-06-17 10:15:51,JNJ,164.8,159,buy,NYSE
tx_0007170,2025-06-17 10:15:54,NFLX,501.6,291,buy,NASDAQ
tx_0007219,2025-06-17 10:15:56,NVDA,197.77,198,sell,NASDAQ
tx_0000440,2025-06-17 10:15:57,GOOGL,2924.1,164,sell,NASDAQ
tx_0002982,2025-06-17 10:16:00,TSLA,697.92,376,sell,NASDAQ
tx_0003671,2025-06-17 10:16:03,AAPL,148.41,285,sell,NASDAQ
tx_0006438,2025-06-17 10:16:08,WMT,141.86,537,sell,NYSE
tx_0001121,2025-06-17 10:16:08,GOOGL,2908.94,867,sell,NASDAQ
tx_0001657,2025-06-17 10:16:10,MA,355.24,274,sell,NYSE
tx_0006588,2025-06-17 10:16:15,MCD,238.9,886,buy,NYSE
tx_0001499,2025-06-17 10:16:15,JNJ,166.39,695,buy,NYSE
tx_0007642,2025-06-17 10:16:19,KO,53.98,113,buy,NYSE
tx_0005201,2025-06-17 10:16:20,NFLX,499.99,233,sell,NASDAQ
tx_0002218,2025-06-17 10:16:20,JNJ,164.67,418,buy,NYSE
tx_0002817,2025-06-17 10:16:21,ADBE,617.92,680,buy,NASDAQ
tx_0009709,2025-06-17 10:16:22,V,222.4,570,buy,NYSE
tx_0003421,2025-06-17 10:16:28,DIS,181.14,398,sell,NYSE
tx_0004700,2025-06-17 10:16:28,MSFT,314.2,729,sell,NASDAQ
tx_0004156,2025-06-17 10:16:33,MSFT,317.17,937,buy,NASDAQ
tx_0006920,2025-06-17 10:16:35,AMZN,3546.42,205,sell,NASDAQ
tx_0000161,2025-06-17 10:16:35,KO,52.82,230,buy,NYSE
tx_0005436,2025-06-17 10:16:38,PG,138.62,245,buy,NYSE
tx_0000081,2025-06-17 10:16:40,AAPL,148.15,397,buy,NASDAQ
tx_0007075,2025-06-17 10:16:41,V,223.54,106,sell,NYSE
tx_0009671,2025-06-17 10:16:42,NFLX,497.19,199,sell,NASDAQ
tx_0006175,2025-06-17 10:16:43,BRK.B,276.62,472,sell,NYSE
tx_0009630,2025-06-17 10:16:43,MSFT,317.99,874,buy,NASDAQ
tx_0002897,2025-06-17 10:16:43,MSFT,316.66,102,buy,NASDAQ
tx_0009567,2025-06-17 10:16:49,PYPL,247.78,841,buy,NASDAQ
tx_0004587,2025-06-17 10:16:51,KO,53.38,948,sell,NYSE
tx_0000035,2025-06-17 10:16:53,AMZN,3544.4,423,sell,NASDAQ
tx_0002158,2025-06-17 10:16:57,NFLX,491.34,727,sell,NASDAQ
tx_0004929,2025-06-17 10:16:58,DIS,184.12,438,buy,NYSE
tx_0008536,2025-06-17 10:17:01,NVDA,199.26,430,buy,NASDAQ
tx_0003578,2025-06-17 10:17:03,V,224.3,464,sell,NYSE
tx_0001739,2025-06-17 10:17:05,JNJ,166.42,757,sell,NYSE
tx_0007563,2025-06-17 10:17:09,AAPL,150.8,303,sell,NASDAQ
tx_0008198,2025-06-17 10:17:11,FB,334.82,162,buy,NASDAQ
tx_0004831,2025-06-17 10:17:12,V,223.25,254,buy,NYSE
tx_0006113,2025-06-17 10:17:13,MCD,241.95,995,sell,NYSE
tx_0007401,2025-06-17 10:17:14,NFLX,495.57,629,buy,NASDAQ
tx_0001108,2025-06-17 10:17:15,ADBE,617.2,162,buy,NASDAQ
tx_0003790,2025-06-17 10:17:16,TSLA,698.11,171,sell,NASDAQ
tx_0009375,2025-06-17 10:17:16,KO,52.96,267,buy,NYSE
tx_0000389,2025-06-17 10:17:17,ADBE,619.43,868,buy,NASDAQ
tx_0001105,2025-06-17 10:17:20,FB,330.17,252,buy,NASDAQ
tx_0004554,2025-06-17 10:17:24,ADBE,610.61,649,buy,NASDAQ
tx_0002196,2025-06-17 10:17:25,NFLX,497.02,166,buy,NASDAQ
tx_0004838,2025-06-17 10:17:25,WMT,141.99,594,buy,NYSE
tx_0006635,2025-06-17 10:17:26,MA,357.39,172,sell,NYSE
tx_0000882,2025-06-17 10:17:26,ADBE,615.33,543,buy,NASDAQ
tx_0000975,2025-06-17 10:17:28,MCD,242.84,676,sell,NYSE
tx_0005572,2025-06-17 10:17:31,WMT,140.3,438,sell,NYSE
tx_0009445,2025-06-17 10:17:33,AMZN,3546.16,432,sell,NASDAQ
tx_0000889,2025-06-17 10:17:34,AMZN,3560.73,986,sell,NASDAQ
tx_0000179,2025-06-17 10:17:35,TSLA,699.01,392,sell,NASDAQ
tx_0008946,2025-06-17 10:17:42,BRK.B,276.26,216,sell,NYSE
tx_0008856,2025-06-17 10:17:45,PG,140.37,175,sell,NYSE
tx_0000620,2025-06-17 10:17:56,ADBE,619.01,679,sell,NASDAQ
tx_0002143,2025-06-17 10:17:57,PEP,150.42,241,sell,NYSE
tx_0006091,2025-06-17 10:17:57,PEP,151.01,464,sell,NYSE
tx_0007289,2025-06-17 10:17:58,AMZN,3545.78,982,sell,NASDAQ
tx_0006390,2025-06-17 10:17:58,BRK.B,277.58,176,buy,NYSE
tx_0006197,2025-06-17 10:18:04,JNJ,164.86,379,buy,NYSE
tx_0003593,2025-06-17 10:18:06,KO,53.83,197,sell,NYSE
tx_0004100,2025-06-17 10:18:07,NFLX,497.64,544,sell,NASDAQ
tx_0004486,2025-06-17 10:18:07,WMT,141.44,103,sell,NYSE
tx_0002403,2025-06-17 10:18:07,PYPL,243.33,441,sell,NASDAQ
tx_0001733,2025-06-17 10:18:12,FB,336.0,239,sell,NASDAQ
tx_0005789,2025-06-17 10:18:14,AAPL,149.49,323,buy,NASDAQ
tx_0001083,2025-06-17 10:18:16,MCD,240.43,402,sell,NYSE
tx_0008764,2025-06-17 10:18:16,MSFT,315.36,673,buy,NASDAQ
tx_0002122,2025-06-17 10:18:17,GOOGL,2897.05,361,buy,NASDAQ
tx_0008754,2025-06-17 10:18:18,ADBE,612.25,343,sell,NASDAQ
tx_0006666,2025-06-17 10:18:19,WMT,139.98,457,sell,NYSE
tx_0008735,2025-06-17 10:18:20,AMZN,3580.21,431,sell,NASDAQ
tx_0005884,2025-06-17 10:18:21,PYPL,243.42,681,sell,NASDAQ
tx_0005862,2025-06-17 10:18:21,BRK.B,277.48,770,sell,NYSE
tx_0006306,2025-06-17 10:18:29,PYPL,246.04,130,buy,NASDAQ
tx_0003658,2025-06-17 10:18:31,NFLX,492.29,917,sell,NASDAQ
tx_0003836,2025-06-17 10:18:33,FB,333.23,291,buy,NASDAQ
tx_0002845,2025-06-17 10:18:35,MCD,243.26,794,sell,NYSE
tx_0004857,2025-06-17 10:18:40,MA,348.47,164,buy,NYSE
tx_0000909,2025-06-17 10:18:44,PEP,150.38,509,,NYSE
tx_0009947,2025-06-17 10:18:44,NVDA,198.35,251,buy,NASDAQ
tx_0000753,2025-06-17 10:18:45,KO,53.3,789,buy,NYSE
tx_0006737,2025-06-17 10:18:48,PG,137.42,714,sell,NYSE
tx_0005351,2025-06-17 10:18:52,GOOGL,2886.72,232,sell,NASDAQ
tx_0008548,2025-06-17 10:18:52,MA,348.94,919,buy,NYSE
tx_0008380,2025-06-17 10:18:53,TSLA,692.28,871,sell,NASDAQ
tx_0009130,2025-06-17 10:18:57,BRK.B,277.41,952,buy,NYSE
tx_0006880,2025-06-17 10:18:58,MSFT,313.06,1000,buy,NASDAQ
tx_0006182,2025-06-17 10:19:00,AMZN,3546.54,868,sell,NASDAQ
tx_0009944,2025-06-17 10:19:04,TSLA,693.96,425,buy,NASDAQ
tx_0001596,2025-06-17 10:19:07,BRK.B,274.68,780,sell,NYSE
tx_0000121,2025-06-17 10:19:08,PG,137.34,227,buy,NYSE
tx_0001465,2025-06-17 10:19:12,KO,53.47,596,buy,NYSE
tx_0005172,2025-06-17 10:19:12,V,223.56,691,sell,NYSE
tx_0005438,2025-06-17 10:19:13,NFLX,489.07,293,sell,NASDAQ
tx_0005546,2025-06-17 10:19:13,BRK.B,276.85,947,buy,NYSE
tx_0001823,2025-06-17 10:19:18,NVDA,199.8,546,buy,NASDAQ
tx_0005992,2025-06-17 10:19:19,V,225.04,663,sell,NYSE
tx_0004920,2025-06-17 10:19:26,WMT,140.44,851,buy,NYSE
tx_0001928,2025-06-17 10:19:26,PG,138.77,216,buy,NYSE
tx_0001240,2025-06-17 10:19:30,FB,332.62,553,sell,NASDAQ
tx_0004074,2025-06-17 10:19:32,JNJ,167.28,947,sell,NYSE
tx_0005644,2025-06-17 10:19:32,PEP,149.26,157,sell,NYSE
tx_0002607,2025-06-17 10:19:33,MA,351.54,377,sell,NYSE
tx_0005532,2025-06-17 10:19:38,MSFT,314.66,232,sell,NASDAQ
tx_0001995,2025-06-17 10:19:40,ADBE,613.42,987,sell,NASDAQ
tx_0003448,2025-06-17 10:19:41,NFLX,492.86,338,buy,NASDAQ
tx_0005760,2025-06-17 10:19:46,WMT,140.18,946,sell,NYSE
tx_0001903,2025-06-17 10:19:48,MSFT,313.33,850,buy,NASDAQ
tx_0009321,2025-06-17 10:19:52,PEP,149.4,268,sell,NYSE
tx_0008817,2025-06-17 10:19:57,JNJ,166.57,478,sell,NYSE
tx_0006270,2025-06-17 10:19:57,NVDA,200.17,669,buy,NASDAQ
tx_0006163,2025-06-17 10:19:59,MA,354.97,698,sell,NYSE
tx_0001091,2025-06-17 10:20:01,BRK.B,276.69,877,sell,NYSE
tx_0009976,2025-06-17 10:20:02,AAPL,151.44,415,buy,NASDAQ
tx_0004451,2025-06-17 10:20:09,AAPL,149.06,401,sell,NASDAQ
tx_0007163,2025-06-17 10:20:11,AMZN,3592.35,615,sell,NASDAQ
tx_0004778,2025-06-17 10:20:12,FB,330.46,874,sell,NASDAQ
tx_0007568,2025-06-17 10:20:16,PG,138.28,119,buy,
tx_0007044,2025-06-17 10:20:20,TSLA,691.56,221,sell,NASDAQ
tx_0007823,2025-06-17 10:20:21,NFLX,488.17,196,buy,NASDAQ
tx_0008912,2025-06-17 10:20:25,KO,53.47,669,buy,NYSE
tx_0009466,2025-06-17 10:20:25,ADBE,611.72,609,sell,NASDAQ
tx_0000231,2025-06-17 10:20:26,PEP,148.41,183,sell,NYSE
tx_0001805,2025-06-17 10:20:27,BRK.B,275.0,226,sell,NYSE
tx_0008317,2025-06-17 10:20:30,PG,138.13,651,buy,NYSE
tx_0006345,2025-06-17 10:20:30,PYPL,246.81,462,sell,NASDAQ
tx_0006534,2025-06-17 10:20:36,MSFT,313.66,434,buy,NASDAQ
tx_0007339,2025-06-17 10:20:38,NVDA,198.47,593,sell,NASDAQ
tx_0003501,2025-06-17 10:20:42,BRK.B,271.54,843,,NYSE
tx_0001792,2025-06-17 10:20:44,JNJ,166.13,169,buy,NYSE
tx_0000890,2025-06-17 10:20:44,TSLA,687.72,881,buy,NASDAQ
tx_0003207,2025-06-17 10:20:47,PG,140.19,326,sell,NYSE
tx_0005186,2025-06-17 10:20:47,NVDA,198.75,268,sell,NASDAQ
tx_0002467,2025-06-17 10:20:53,ADBE,618.19,752,sell,NASDAQ
tx_0008085,2025-06-17 10:20:53,NVDA,201.12,821,buy,NASDAQ
tx_0009825,2025-06-17 10:20:53,KO,,382,buy,NYSE
tx_0006512,2025-06-17 10:20:57,NFLX,488.27,984,buy,NASDAQ
tx_0009689,2025-06-17 10:21:02,JNJ,166.27,983,buy,NYSE
tx_0005769,2025-06-17 10:21:03,WMT,139.71,309,buy,NYSE
tx_0005628,2025-06-17 10:21:05,NVDA,198.32,703,sell,NASDAQ
tx_0001067,2025-06-17 10:21:07,DIS,182.92,649,buy,NYSE
tx_0007924,2025-06-17 10:21:13,MCD,242.97,335,buy,NYSE
tx_0009661,2025-06-17 10:21:19,PEP,148.19,127,buy,NYSE
tx_0008059,2025-06-17 10:21:20,DIS,182.2,116,buy,NYSE
tx_0000794,2025-06-17 10:21:21,AAPL,149.76,815,buy,NASDAQ
tx_0002888,2025-06-17 10:21:22,FB,333.55,171,sell,NASDAQ
tx_0002128,2025-06-17 10:21:26,PG,138.77,456,,NYSE
tx_0005299,2025-06-17 10:21:26,NVDA,199.69,324,sell,NASDAQ
tx_0008663,2025-06-17 10:21:27,KO,,349,buy,NYSE
tx_0009430,2025-06-17 10:21:28,AAPL,150.86,648,sell,NASDAQ
tx_0000561,2025-06-17 10:21:28,V,224.82,622,sell,NYSE
tx_0004803,2025-06-17 10:21:28,AAPL,151.47,674,sell,NASDAQ
tx_0004652,2025-06-17 10:21:29,JNJ,168.21,885,sell,NYSE
tx_0000623,2025-06-17 10:21:34,BRK.B,275.85,286,sell,NYSE
tx_0008265,2025-06-17 10:21:36,KO,53.17,839,sell,NYSE
tx_0007561,2025-06-17 10:21:38,PEP,148.8,884,buy,NYSE
tx_0004833,2025-06-17 10:21:41,AAPL,150.27,187,sell,NASDAQ
tx_0004209,2025-06-17 10:21:46,MSFT,313.52,205,buy,NASDAQ
tx_0005040,2025-06-17 10:21:48,JNJ,167.19,660,sell,NYSE
tx_0003186,2025-06-17 10:21:49,JNJ,165.01,375,sell,NYSE
tx_0001660,2025-06-17 10:21:50,MA,350.57,718,sell,NYSE
tx_0001521,2025-06-17 10:21:53,ADBE,621.24,647,buy,NASDAQ
tx_0002820,2025-06-17 10:21:53,AMZN,3568.82,606,sell,NASDAQ
tx_0003162,2025-06-17 10:21:55,NFLX,493.92,529,sell,NASDAQ
tx_0002157,2025-06-17 10:21:55,AMZN,3566.39,362,sell,NASDAQ
tx_0008809,2025-06-17 10:21:57,MCD,242.84,487,buy,NYSE
tx_0007752,2025-06-17 10:21:57,PEP,150.9,947,buy,NYSE
tx_0008775,2025-06-17 10:22:02,JNJ,166.39,953,sell,NYSE
tx_0000380,2025-06-17 10:22:03,MCD,243.99,514,sell,NYSE
tx_0001000,2025-06-17 10:22:13,PEP,148.72,468,buy,NYSE
tx_0000523,2025-06-17 10:22:13,PG,139.19,904,sell,NYSE
tx_0006817,2025-06-17 10:22:14,WMT,139.29,901,sell,NYSE
tx_0007849,2025-06-17 10:22:15,FB,334.3,395,buy,NASDAQ
tx_0003548,2025-06-17 10:22:18,AMZN,3565.32,574,buy,NASDAQ
tx_0000134,2025-06-17 10:22:22,BRK.B,276.34,256,buy,NYSE
tx_0001486,2025-06-17 10:22:23,AAPL,149.7,173,sell,NASDAQ
tx_0001587,2025-06-17 10:22:27,FB,331.75,259,buy,NASDAQ
tx_0001175,2025-06-17 10:22:29,V,226.68,737,sell,NYSE
tx_0008783,2025-06-17 10:22:32,AAPL,150.94,340,buy,NASDAQ
tx_0004320,2025-06-17 10:22:34,JNJ,167.58,673,sell,NYSE
tx_0002453,2025-06-17 10:22:38,TSLA,697.55,114,buy,NASDAQ
tx_0003067,2025-06-17 10:22:38,KO,54.06,402,sell,NYSE
tx_0004938,2025-06-17 10:22:39,PG,139.53,242,sell,NYSE
tx_0009600,2025-06-17 10:22:42,MCD,241.1,920,buy,NYSE
tx_0007083,2025-06-17 10:22:42,V,226.96,796,buy,NYSE
tx_0004365,2025-06-17 10:22:43,TSLA,696.74,564,buy,NASDAQ
tx_0002090,2025-06-17 10:22:45,PYPL,245.19,947,buy,NASDAQ
tx_0008804,2025-06-17 10:22:49,MA,351.56,185,buy,NYSE
tx_0009564,2025-06-17 10:22:52,PYPL,246.94,579,sell,NASDAQ
tx_0003945,2025-06-17 10:22:52,PG,141.11,143,sell,NYSE
tx_0000905,2025-06-17 10:22:54,MA,353.91,542,buy,NYSE
tx_0004491,2025-06-17 10:23:00,BRK.B,271.2,606,sell,NYSE
tx_0003923,2025-06-17 10:23:01,WMT,139.47,605,buy,NYSE
tx_0002584,2025-06-17 10:23:04,MSFT,314.95,317,sell,NASDAQ
tx_0002959,2025-06-17 10:23:06,PYPL,245.81,210,buy,NASDAQ
tx_0004616,2025-06-17 10:23:08,MCD,244.23,493,sell,NYSE
tx_0006335,2025-06-17 10:23:14,PEP,148.77,289,sell,NYSE
tx_0007459,2025-06-17 10:23:16,PG,141.13,685,buy,NYSE
tx_0006983,2025-06-17 10:23:17,MA,357.75,220,buy,NYSE
tx_0009337,2025-06-17 10:23:23,MA,353.43,846,sell,NYSE
tx_0005320,2025-06-17 10:23:25,AAPL,151.79,381,buy,NASDAQ
tx_0001905,2025-06-17 10:23:26,ADBE,619.92,595,sell,NASDAQ
tx_0006604,2025-06-17 10:23:32,JNJ,167.13,843,buy,NYSE
tx_0002852,2025-06-17 10:23:34,AMZN,3565.43,980,sell,NASDAQ
tx_0002461,2025-06-17 10:23:37,NFLX,491.98,179,sell,NASDAQ
tx_0009821,2025-06-17 10:23:38,MSFT,313.42,980,buy,NASDAQ
tx_0000363,2025-06-17 10:23:39,WMT,141.06,886,buy,NYSE
tx_0007154,2025-06-17 10:23:42,GOOGL,2877.47,670,sell,NASDAQ
tx_0000420,2025-06-17 10:23:43,DIS,181.12,667,sell,NYSE
tx_0002734,2025-06-17 10:23:49,JNJ,165.0,478,sell,NYSE
tx_0008176,2025-06-17 10:23:57,WMT,140.68,302,sell,NYSE
tx_0006818,2025-06-17 10:23:59,JNJ,164.63,648,sell,NYSE
tx_0000230,2025-06-17 10:24:00,PG,141.02,718,buy,NYSE
tx_0001224,2025-06-17 10:24:00,MA,355.91,487,buy,NYSE
tx_0003946,2025-06-17 10:24:02,NFLX,493.22,866,buy,NASDAQ
tx_0003867,2025-06-17 10:24:06,DIS,181.31,536,sell,NYSE
tx_0003306,2025-06-17 10:24:06,BRK.B,273.59,301,buy,NYSE
tx_0009776,2025-06-17 10:24:09,DIS,180.57,898,buy,NYSE
tx_0007939,2025-06-17 10:24:10,PG,139.46,640,buy,NYSE
tx_0007921,2025-06-17 10:24:11,AMZN,3600.78,212,buy,NASDAQ
tx_0006413,2025-06-17 10:24:14,NVDA,198.35,355,sell,NASDAQ
tx_0008228,2025-06-17 10:24:17,FB,334.17,927,buy,NASDAQ
tx_0005211,2025-06-17 10:24:19,FB,336.38,319,sell,NASDAQ
tx_0000126,2025-06-17 10:24:19,WMT,138.64,661,buy,NYSE
tx_0005431,2025-06-17 10:24:20,AAPL,151.7,274,buy,NASDAQ
tx_0000627,2025-06-17 10:24:23,KO,53.39,713,sell,NYSE
tx_0003069,2025-06-17 10:24:23,AAPL,149.47,268,sell,NASDAQ
tx_0008707,2025-06-17 10:24:26,DIS,180.14,393,buy,NYSE
tx_0004003,2025-06-17 10:24:37,NFLX,493.2,927,buy,NASDAQ
tx_0005401,2025-06-17 10:24:38,DIS,180.96,161,sell,NYSE
tx_0000536,2025-06-17 10:24:42,NFLX,496.15,970,sell,NASDAQ
tx_0007738,2025-06-17 10:24:48,MCD,243.97,335,sell,NYSE
tx_0009054,2025-06-17 10:24:54,MSFT,314.08,226,sell,NASDAQ
tx_0007853,2025-06-17 10:25:03,V,225.26,511,buy,NYSE
tx_0008071,2025-06-17 10:25:06,FB,332.94,204,sell,NASDAQ
tx_0001881,2025-06-17 10:25:13,JNJ,167.16,520,buy,NYSE
tx_0005672,2025-06-17 10:25:13,WMT,139.81,595,buy,NYSE
tx_0007881,2025-06-17 10:25:15,WMT,140.58,671,sell,NYSE
tx_0000261,2025-06-17 10:25:19,FB,333.26,967,buy,NASDAQ
tx_0004050,2025-06-17 10:25:19,MA,352.59,118,buy,NYSE
tx_0004288,2025-06-17 10:25:25,V,226.44,489,buy,NYSE
tx_0000511,2025-06-17 10:25:27,FB,329.46,906,sell,NASDAQ
tx_0008466,2025-06-17 10:25:27,DIS,177.9,696,sell,NYSE
tx_0000907,2025-06-17 10:25:28,NVDA,197.34,822,sell,NASDAQ
tx_0000695,2025-06-17 10:25:30,DIS,180.14,238,buy,NYSE
tx_0000782,2025-06-17 10:25:31,MCD,246.1,979,sell,NYSE
tx_0009597,2025-06-17 10:25:35,PYPL,248.41,870,buy,NASDAQ
tx_0005468,2025-06-17 10:25:35,V,224.25,763,buy,NYSE
tx_0008717,2025-06-17 10:25:38,BRK.B,,197,sell,NYSE
tx_0009358,2025-06-17 10:25:39,BRK.B,277.7,643,buy,NYSE
tx_0002789,2025-06-17 10:25:43,MA,353.42,549,buy,NYSE
tx_0002660,2025-06-17 10:25:44,PYPL,243.89,694,buy,NASDAQ
tx_0004796,2025-06-17 10:25:44,NVDA,200.56,685,buy,NASDAQ
tx_0004707,2025-06-17 10:25:47,ADBE,626.28,627,sell,NASDAQ
tx_0003198,2025-06-17 10:25:51,NFLX,489.62,489,buy,NASDAQ
tx_0006011,2025-06-17 10:25:51,MSFT,314.11,528,buy,NASDAQ
tx_0008618,2025-06-17 10:25:51,GOOGL,2855.32,703,sell,NASDAQ
tx_0000704,2025-06-17 10:25:52,V,226.93,165,buy,NYSE
tx_0001724,2025-06-17 10:25:59,MCD,244.49,438,buy,NYSE
tx_0001335,2025-06-17 10:26:00,PYPL,243.9,933,sell,NASDAQ
tx_0006834,2025-06-17 10:26:01,NFLX,490.52,178,buy,NASDAQ
tx_0009839,2025-06-17 10:26:02,KO,53.35,890,sell,NYSE
tx_0008404,2025-06-17 10:26:02,KO,53.92,102,buy,NYSE
tx_0007675,2025-06-17 10:26:02,NVDA,,666,sell,NASDAQ
tx_0002782,2025-06-17 10:26:10,PG,140.67,449,sell,NYSE
tx_0009923,2025-06-17 10:26:11,PYPL,243.97,730,sell,NASDAQ
tx_0002487,2025-06-17 10:26:12,PEP,148.72,818,buy,NYSE
tx_0003536,2025-06-17 10:26:13,WMT,138.89,540,sell,NYSE
tx_0000433,2025-06-17 10:26:15,FB,331.7,367,buy,NASDAQ
tx_0002282,2025-06-17 10:26:15,GOOGL,2860.84,452,buy,NASDAQ
tx_0003443,2025-06-17 10:26:17,DIS,178.9,441,buy,NYSE
tx_0009003,2025-06-17 10:26:17,WMT,138.3,483,sell,NYSE
tx_0000649,2025-06-17 10:26:29,PYPL,245.21,469,sell,NASDAQ
tx_0002941,2025-06-17 10:26:30,ADBE,626.26,160,sell,NASDAQ
tx_0000049,2025-06-17 10:26:32,PG,138.43,746,sell,NYSE
tx_0007778,2025-06-17 10:26:38,DIS,181.84,688,sell,NYSE
tx_0005151,2025-06-17 10:26:43,ADBE,621.43,383,sell,NASDAQ
tx_0001339,2025-06-17 10:26:43,NFLX,489.95,391,buy,NASDAQ
tx_0005889,2025-06-17 10:26:44,KO,53.58,648,buy,NYSE
tx_0006702,2025-06-17 10:26:44,NFLX,490.74,612,buy,NASDAQ
tx_0004035,2025-06-17 10:26:49,NFLX,487.86,428,buy,NASDAQ
tx_0001900,2025-06-17 10:26:51,KO,54.06,769,sell,NYSE
tx_0000085,2025-06-17 10:26:54,AMZN,3583.29,542,sell,NASDAQ
tx_0009444,2025-06-17 10:26:54,TSLA,699.41,872,buy,NASDAQ
tx_0008477,2025-06-17 10:27:08,ADBE,621.8,406,sell,NASDAQ
tx_0009470,2025-06-17 10:27:09,KO,54.14,610,buy,NYSE
tx_0004736,2025-06-17 10:27:09,MCD,242.96,486,sell,NYSE
tx_0002051,2025-06-17 10:27:10,AAPL,148.91,987,sell,NASDAQ
tx_0008221,2025-06-17 10:27:10,AMZN,3565.14,744,sell,NASDAQ
tx_0004909,2025-06-17 10:27:14,V,226.3,800,sell,NYSE
tx_0005135,2025-06-17 10:27:15,GOOGL,2844.27,904,sell,NASDAQ
tx_0005558,2025-06-17 10:27:17,NVDA,199.91,115,sell,NASDAQ
tx_0000442,2025-06-17 10:27:22,JNJ,166.64,221,sell,NYSE
tx_0003868,2025-06-17 10:27:25,TSLA,696.37,643,sell,NASDAQ
tx_0004735,2025-06-17 10:27:27,MA,351.47,429,buy,NYSE
tx_0008923,2025-06-17 10:27:31,PEP,147.55,529,sell,NYSE
tx_0008860,2025-06-17 10:27:31,MCD,245.39,617,sell,NYSE
tx_0006087,2025-06-17 10:27:31,BRK.B,277.08,479,sell,NYSE
tx_0006340,2025-06-17 10:27:35,AAPL,150.13,837,sell,NASDAQ
tx_0005031,2025-06-17 10:27:36,PYPL,247.37,758,sell,NASDAQ
tx_0008528,2025-06-17 10:27:38,NVDA,199.89,162,sell,NASDAQ
tx_0000235,2025-06-17 10:27:39,AMZN,3589.32,264,buy,NASDAQ
tx_0007309,2025-06-17 10:27:45,V,225.45,290,buy,NYSE
tx_0008714,2025-06-17 10:27:48,V,225.34,473,sell,NYSE
tx_0006855,2025-06-17 10:27:52,WMT,137.66,667,sell,NYSE
tx_0002421,2025-06-17 10:27:56,JNJ,165.42,904,buy,NYSE
tx_0003693,2025-06-17 10:27:57,FB,335.69,609,sell,NASDAQ
tx_0005352,2025-06-17 10:28:01,V,225.46,818,buy,NYSE
tx_0009547,2025-06-17 10:28:03,MA,348.59,730,buy,NYSE
tx_0006969,2025-06-17 10:28:06,JNJ,165.92,739,sell,NYSE
tx_0006412,2025-06-17 10:28:09,NVDA,197.51,939,sell,NASDAQ
tx_0007109,2025-06-17 10:28:11,WMT,137.96,276,sell,NYSE
tx_0007843,2025-06-17 10:28:13,DIS,179.83,803,buy,NYSE
tx_0006721,2025-06-17 10:28:17,PYPL,246.89,427,buy,NASDAQ
tx_0002444,2025-06-17 10:28:18,PG,139.77,985,buy,NYSE
tx_0006628,2025-06-17 10:28:19,AAPL,149.44,155,sell,NASDAQ
tx_0001796,2025-06-17 10:28:20,MA,354.42,816,buy,NYSE
tx_0009113,2025-06-17 10:28:31,MCD,244.51,653,buy,NYSE
tx_0000714,2025-06-17 10:28:35,ADBE,618.11,611,buy,NASDAQ
tx_0001277,2025-06-17 10:28:39,DIS,180.17,875,sell,NYSE
tx_0005973,2025-06-17 10:28:43,DIS,179.14,613,,NYSE
tx_0006261,2025-06-17 10:28:44,AAPL,149.56,274,sell,NASDAQ
tx_0000466,2025-06-17 10:28:48,MCD,245.16,491,sell,NYSE
tx_0000172,2025-06-17 10:28:55,PG,140.75,738,buy,NYSE
tx_0005922,2025-06-17 10:28:57,WMT,139.3,611,buy,NYSE
tx_0008193,2025-06-17 10:28:58,PG,139.81,826,buy,NYSE
tx_0001172,2025-06-17 10:29:00,WMT,139.29,680,sell,NYSE
tx_0000042,2025-06-17 10:29:00,V,224.94,734,buy,NYSE
tx_0008685,2025-06-17 10:29:06,NVDA,199.2,131,sell,NASDAQ
tx_0003398,2025-06-17 10:29:07,MSFT,316.12,467,sell,NASDAQ
tx_0002094,2025-06-17 10:29:08,FB,332.69,545,buy,NASDAQ
tx_0009131,2025-06-17 10:29:09,FB,338.03,800,sell,NASDAQ
tx_0006524,2025-06-17 10:29:12,NVDA,198.0,704,sell,NASDAQ
tx_0007518,2025-06-17 10:29:13,PEP,150.28,137,buy,NYSE
tx_0008359,2025-06-17 10:29:17,MCD,246.21,495,sell,NYSE
tx_0003899,2025-06-17 10:29:18,JNJ,166.72,979,sell,NYSE
tx_0001279,2025-06-17 10:29:18,MA,351.28,100,buy,NYSE
tx_0009434,2025-06-17 10:29:19,JNJ,164.16,659,sell,NYSE
tx_0005144,2025-06-17 10:29:29,JNJ,164.63,886,buy,NYSE
tx_0000628,2025-06-17 10:29:32,DIS,182.07,132,buy,NYSE
tx_0000621,2025-06-17 10:29:33,V,226.59,318,sell,NYSE
tx_0003535,2025-06-17 10:29:33,KO,53.54,595,buy,NYSE
tx_0007520,2025-06-17 10:29:35,MA,347.18,710,buy,NYSE
tx_0004691,2025-06-17 10:29:36,PYPL,246.03,421,buy,NASDAQ
tx_0003311,2025-06-17 10:29:39,GOOGL,2861.47,765,sell,NASDAQ
tx_0007003,2025-06-17 10:29:41,MSFT,315.73,219,sell,NASDAQ
tx_0007566,2025-06-17 10:29:43,MA,352.5,695,sell,NYSE
tx_0009942,2025-06-17 10:29:45,PG,141.13,945,buy,NYSE
tx_0002566,2025-06-17 10:29:52,PG,140.45,291,buy,NYSE
tx_0005631,2025-06-17 10:29:54,MSFT,313.99,456,buy,NASDAQ
tx_0002813,2025-06-17 10:30:00,NFLX,491.7,580,buy,NASDAQ
tx_0006155,2025-06-17 10:30:03,ADBE,625.87,221,buy,NASDAQ
tx_0008899,2025-06-17 10:30:04,TSLA,695.17,728,sell,NASDAQ
tx_0009133,2025-06-17 10:30:08,GOOGL,2888.21,818,sell,NASDAQ
tx_0009225,2025-06-17 10:30:16,PYPL,247.02,644,sell,NASDAQ
tx_0004867,2025-06-17 10:30:18,NVDA,196.8,441,sell,NASDAQ
tx_0007176,2025-06-17 10:30:18,ADBE,620.73,984,buy,NASDAQ
tx_0005599,2025-06-17 10:30:19,KO,54.25,471,sell,NYSE
tx_0008402,2025-06-17 10:30:22,AMZN,3623.36,630,sell,NASDAQ
tx_0004077,2025-06-17 10:30:24,V,226.75,471,buy,NYSE
tx_0006311,2025-06-17 10:30:25,ADBE,627.36,580,sell,NASDAQ
tx_0005076,2025-06-17 10:30:26,AAPL,148.88,649,buy,NASDAQ
tx_0007848,2025-06-17 10:30:26,MSFT,315.97,945,buy,NASDAQ
tx_0009765,2025-06-17 10:30:26,BRK.B,273.73,228,sell,NYSE
tx_0001867,2025-06-17 10:30:33,NVDA,198.63,140,sell,NASDAQ
tx_0001365,2025-06-17 10:30:36,AAPL,151.62,962,buy,NASDAQ
tx_0005493,2025-06-17 10:30:36,AMZN,3594.93,680,buy,NASDAQ
tx_0005177,2025-06-17 10:30:39,FB,334.03,254,buy,NASDAQ
tx_0004973,2025-06-17 10:30:42,WMT,137.99,326,buy,NYSE
tx_0007616,2025-06-17 10:30:42,PG,140.56,144,buy,NYSE
tx_0007935,2025-06-17 10:30:48,PG,140.12,132,sell,NYSE
tx_0002651,2025-06-17 10:30:52,PEP,148.74,152,sell,NYSE
tx_0003908,2025-06-17 10:31:02,MSFT,315.05,623,buy,NASDAQ
tx_0004396,2025-06-17 10:31:03,DIS,184.14,563,sell,NYSE
tx_0006717,2025-06-17 10:31:03,TSLA,699.6,652,sell,NASDAQ
tx_0007510,2025-06-17 10:31:03,NFLX,488.52,859,buy,NASDAQ
tx_0008458,2025-06-17 10:31:03,ADBE,615.97,813,buy,NASDAQ
tx_0007477,2025-06-17 10:31:06,AMZN,3584.16,409,sell,NASDAQ
tx_0009428,2025-06-17 10:31:08,PYPL,244.5,945,sell,NASDAQ
tx_0002724,2025-06-17 10:31:08,DIS,181.16,669,sell,NYSE
tx_0000130,2025-06-17 10:31:08,KO,,932,buy,NYSE
tx_0004780,2025-06-17 10:31:13,AMZN,3616.05,594,buy,NASDAQ
tx_0001740,2025-06-17 10:31:13,FB,338.42,237,sell,NASDAQ
tx_0006507,2025-06-17 10:31:14,DIS,183.39,145,sell,NYSE
tx_0006993,2025-06-17 10:31:14,PG,140.04,411,buy,NYSE
tx_0002032,2025-06-17 10:31:15,MSFT,314.33,487,sell,NASDAQ
tx_0007240,2025-06-17 10:31:15,GOOGL,2857.9,575,buy,NASDAQ
tx_0000967,2025-06-17 10:31:17,JNJ,164.96,997,sell,NYSE
tx_0006691,2025-06-17 10:31:19,NFLX,491.57,795,buy,NASDAQ
tx_0004203,2025-06-17 10:31:25,BRK.B,275.64,164,buy,NYSE
tx_0000358,2025-06-17 10:31:28,DIS,183.8,186,sell,NYSE
tx_0001278,2025-06-17 10:31:29,ADBE,618.5,338,buy,NASDAQ
tx_0004279,2025-06-17 10:31:31,KO,53.73,209,sell,NYSE
tx_0000169,2025-06-17 10:31:31,AAPL,151.05,706,sell,NASDAQ
tx_0006069,2025-06-17 10:31:35,NFLX,491.68,271,sell,NASDAQ
tx_0002919,2025-06-17 10:31:36,TSLA,700.15,653,sell,NASDAQ
tx_0001661,2025-06-17 10:31:38,PEP,147.83,481,sell,NYSE
tx_0006802,2025-06-17 10:31:40,FB,333.65,108,buy,NASDAQ
tx_0004268,2025-06-17 10:31:41,AAPL,152.14,667,buy,NASDAQ
tx_0003732,2025-06-17 10:31:42,ADBE,621.24,929,buy,NASDAQ
tx_0009181,2025-06-17 10:31:48,NFLX,496.5,833,sell,NASDAQ
tx_0007652,2025-06-17 10:31:54,NVDA,198.01,588,buy,NASDAQ
tx_0000377,2025-06-17 10:31:54,V,227.39,613,sell,NYSE
tx_0000483,2025-06-17 10:31:55,DIS,183.89,950,buy,NYSE
tx_0005188,2025-06-17 10:31:55,JNJ,168.26,214,sell,NYSE
tx_0005723,2025-06-17 10:31:59,JNJ,167.74,637,buy,NYSE
tx_0009806,2025-06-17 10:32:02,PEP,149.17,789,sell,NYSE
tx_0003267,2025-06-17 10:32:03,DIS,182.72,800,buy,NYSE
tx_0008874,2025-06-17 10:32:05,ADBE,620.19,307,sell,NASDAQ
tx_0000216,2025-06-17 10:32:09,PG,139.81,726,sell,NYSE
tx_0001074,2025-06-17 10:32:12,TSLA,698.48,461,buy,NASDAQ
tx_0009558,2025-06-17 10:32:13,GOOGL,2871.4,687,buy,NASDAQ
tx_0003832,2025-06-17 10:32:16,WMT,139.46,632,buy,NYSE
tx_0008701,2025-06-17 10:32:18,V,224.27,460,sell,NYSE
tx_0005958,2025-06-17 10:32:19,MCD,242.42,590,buy,NYSE
tx_0007918,2025-06-17 10:32:20,V,225.09,529,sell,NYSE
tx_0002531,2025-06-17 10:32:22,ADBE,622.88,915,buy,NASDAQ
tx_0002071,2025-06-17 10:32:24,DIS,183.32,812,buy,NYSE
tx_0009938,2025-06-17 10:32:25,NVDA,200.06,855,sell,NASDAQ
tx_0004053,2025-06-17 10:32:27,AAPL,152.72,352,buy,NASDAQ
tx_0009925,2025-06-17 10:32:30,KO,53.77,188,buy,NYSE
tx_0006895,2025-06-17 10:32:32,JNJ,168.07,691,buy,NYSE
tx_0000025,2025-06-17 10:32:32,TSLA,703.84,975,buy,NASDAQ
tx_0001021,2025-06-17 10:32:34,DIS,181.82,342,buy,NYSE
tx_0008892,2025-06-17 10:32:36,NVDA,197.75,103,buy,NASDAQ
tx_0009038,2025-06-17 10:32:40,PEP,147.42,326,sell,NYSE
tx_0009105,2025-06-17 10:32:41,WMT,137.81,500,buy,NYSE
tx_0005251,2025-06-17 10:32:43,BRK.B,271.33,752,buy,NYSE
tx_0008768,2025-06-17 10:32:45,GOOGL,2850.21,533,,NASDAQ
tx_0001109,2025-06-17 10:32:47,FB,337.23,307,buy,NASDAQ
tx_0002620,2025-06-17 10:32:51,GOOGL,2835.56,974,buy,NASDAQ
tx_0003902,2025-06-17 10:32:52,NVDA,198.38,838,buy,NASDAQ
tx_0003185,2025-06-17 10:32:53,ADBE,624.59,249,sell,NASDAQ
tx_0007497,2025-06-17 10:32:53,ADBE,624.62,907,buy,NASDAQ
tx_0002629,2025-06-17 10:32:53,KO,53.81,709,buy,NYSE
tx_0008330,2025-06-17 10:32:59,MA,346.74,656,sell,NYSE
tx_0009446,2025-06-17 10:33:03,KO,53.52,466,buy,NYSE
tx_0002274,2025-06-17 10:33:05,V,223.33,468,sell,NYSE
tx_0004908,2025-06-17 10:33:07,AAPL,151.34,946,buy,NASDAQ
tx_0003122,2025-06-17 10:33:09,AAPL,151.79,678,buy,NASDAQ
tx_0000058,2025-06-17 10:33:09,AAPL,150.66,412,buy,NASDAQ
tx_0006215,2025-06-17 10:33:19,AMZN,3632.42,219,buy,NASDAQ
tx_0000144,2025-06-17 10:33:21,GOOGL,2843.83,213,buy,NASDAQ
tx_0007388,2025-06-17 10:33:22,MSFT,317.72,828,buy,NASDAQ
tx_0007855,2025-06-17 10:33:23,ADBE,617.72,572,sell,NASDAQ
tx_0003800,2025-06-17 10:33:24,V,226.99,925,buy,NYSE
tx_0003769,2025-06-17 10:33:27,DIS,182.6,642,buy,
tx_0004839,2025-06-17 10:33:32,AMZN,3629.17,622,sell,NASDAQ
tx_0004080,2025-06-17 10:33:35,BRK.B,271.21,842,sell,NYSE
tx_0002685,2025-06-17 10:33:36,GOOGL,2848.92,656,buy,NASDAQ
tx_0009924,2025-06-17 10:33:38,GOOGL,2848.1,533,sell,NASDAQ
tx_0001827,2025-06-17 10:33:41,FB,337.01,642,sell,NASDAQ
tx_0009437,2025-06-17 10:33:47,TSLA,704.89,719,buy,NASDAQ
tx_0000594,2025-06-17 10:33:49,NVDA,198.07,352,buy,NASDAQ
tx_0000577,2025-06-17 10:33:50,KO,54.17,108,buy,NYSE
tx_0003116,2025-06-17 10:33:52,V,223.49,637,sell,NYSE
tx_0001760,2025-06-17 10:33:55,PYPL,243.91,814,sell,NASDAQ
tx_0009377,2025-06-17 10:33:56,MSFT,318.24,940,sell,NASDAQ
tx_0002486,2025-06-17 10:33:57,PEP,150.35,758,sell,NYSE
tx_0007112,2025-06-17 10:34:03,AMZN,3601.13,424,sell,NASDAQ
tx_0006921,2025-06-17 10:34:04,PEP,149.12,627,buy,NYSE
tx_0005553,2025-06-17 10:34:08,GOOGL,2863.86,698,buy,NASDAQ
tx_0004094,2025-06-17 10:34:08,PYPL,244.64,310,buy,NASDAQ
tx_0008374,2025-06-17 10:34:08,GOOGL,2844.28,846,sell,NASDAQ
tx_0009524,2025-06-17 10:34:15,MSFT,314.14,800,sell,NASDAQ
tx_0000201,2025-06-17 10:34:16,KO,54.13,559,buy,NYSE
tx_0003247,2025-06-17 10:34:17,GOOGL,2850.25,688,buy,NASDAQ
tx_0000053,2025-06-17 10:34:25,KO,53.2,147,buy,NYSE
tx_0009126,2025-06-17 10:34:27,TSLA,695.69,592,buy,NASDAQ
tx_0006075,2025-06-17 10:34:29,MA,349.35,472,sell,NYSE
tx_0000239,2025-06-17 10:34:30,V,224.22,841,buy,NYSE
tx_0002387,2025-06-17 10:34:31,PG,138.3,756,buy,NYSE
tx_0004580,2025-06-17 10:34:31,KO,53.64,627,buy,NYSE
tx_0008935,2025-06-17 10:34:31,NFLX,497.45,707,sell,NASDAQ
tx_0004928,2025-06-17 10:34:32,KO,54.3,912,buy,NYSE
tx_0002185,2025-06-17 10:34:33,MCD,245.59,385,sell,NYSE
tx_0000458,2025-06-17 10:34:35,BRK.B,272.93,120,buy,NYSE
tx_0003635,2025-06-17 10:34:38,PEP,149.92,943,buy,NYSE
tx_0007798,2025-06-17 10:34:38,AAPL,150.46,313,buy,NASDAQ
tx_0001469,2025-06-17 10:34:40,TSLA,697.81,613,sell,NASDAQ
tx_0006039,2025-06-17 10:34:42,DIS,182.68,326,sell,NYSE
tx_0004269,2025-06-17 10:34:46,MA,349.35,158,buy,NYSE
tx_0003039,2025-06-17 10:34:47,PYPL,243.93,550,buy,NASDAQ
tx_0008983,2025-06-17 10:34:47,KO,53.59,205,buy,NYSE
tx_0001993,2025-06-17 10:34:49,PEP,150.18,590,sell,NYSE
tx_0001952,2025-06-17 10:34:50,NFLX,492.24,367,sell,NASDAQ
tx_0004333,2025-06-17 10:34:52,TSLA,706.12,205,buy,NASDAQ
tx_0002104,2025-06-17 10:34:54,PYPL,248.11,324,sell,NASDAQ
tx_0004160,2025-06-17 10:34:57,GOOGL,2851.74,966,sell,NASDAQ
tx_0002659,2025-06-17 10:34:58,V,224.75,358,sell,NYSE
tx_0001002,2025-06-17 10:35:00,V,226.23,538,buy,NYSE
tx_0001080,2025-06-17 10:35:02,TSLA,704.67,975,buy,NASDAQ
tx_0007295,2025-06-17 10:35:03,AMZN,3573.03,651,buy,NASDAQ
tx_0005665,2025-06-17 10:35:04,V,224.9,237,sell,NYSE
tx_0007242,2025-06-17 10:35:05,WMT,138.12,768,buy,NYSE
tx_0007836,2025-06-17 10:35:06,GOOGL,2869.62,885,buy,NASDAQ
tx_0008394,2025-06-17 10:35:10,PEP,147.8,568,sell,NYSE
tx_0005361,2025-06-17 10:35:10,GOOGL,2874.64,357,buy,NASDAQ
tx_0008513,2025-06-17 10:35:15,FB,338.88,445,sell,NASDAQ
tx_0008013,2025-06-17 10:35:17,NVDA,198.94,950,buy,NASDAQ
tx_0007872,2025-06-17 10:35:19,PEP,149.05,667,buy,NYSE
tx_0004663,2025-06-17 10:35:23,TSLA,707.35,907,buy,NASDAQ
tx_0000399,2025-06-17 10:35:28,WMT,138.73,837,buy,NYSE
tx_0002768,2025-06-17 10:35:28,TSLA,703.75,305,buy,NASDAQ
tx_0005360,2025-06-17 10:35:29,KO,54.35,379,sell,NYSE
tx_0008552,2025-06-17 10:35:31,V,223.07,594,sell,NYSE
tx_0004891,2025-06-17 10:35:33,ADBE,622.71,670,buy,NASDAQ
tx_0003434,2025-06-17 10:35:33,PG,139.8,324,sell,NYSE
tx_0004175,2025-06-17 10:35:40,NVDA,198.89,433,sell,NASDAQ
tx_0009585,2025-06-17 10:35:43,AAPL,151.68,219,sell,NASDAQ
tx_0004622,2025-06-17 10:35:43,PG,139.71,764,sell,NYSE
tx_0001735,2025-06-17 10:35:44,TSLA,708.53,255,buy,NASDAQ
tx_0003456,2025-06-17 10:35:44,AAPL,151.91,135,buy,NASDAQ
tx_0008122,2025-06-17 10:35:48,PYPL,244.66,586,buy,NASDAQ
tx_0002559,2025-06-17 10:35:48,FB,335.4,477,sell,NASDAQ
tx_0001129,2025-06-17 10:35:48,BRK.B,271.21,979,sell,NYSE
tx_0005221,2025-06-17 10:35:50,ADBE,614.75,633,sell,NASDAQ
tx_0004853,2025-06-17 10:35:51,DIS,181.63,237,sell,NYSE
tx_0001324,2025-06-17 10:35:52,TSLA,711.01,841,sell,NASDAQ
tx_0009355,2025-06-17 10:35:53,MCD,245.7,895,sell,NYSE
tx_0006407,2025-06-17 10:35:56,DIS,182.62,588,sell,NYSE
tx_0008107,2025-06-17 10:35:57,PG,139.8,209,sell,NYSE
tx_0005171,2025-06-17 10:35:58,FB,334.82,180,buy,NASDAQ
tx_0002402,2025-06-17 10:35:59,JNJ,165.97,758,buy,NYSE
tx_0001744,2025-06-17 10:36:05,ADBE,617.58,540,sell,NASDAQ
tx_0003323,2025-06-17 10:36:06,ADBE,614.65,712,buy,NASDAQ
tx_0000804,2025-06-17 10:36:10,AMZN,3617.88,787,sell,NASDAQ
tx_0006233,2025-06-17 10:36:11,JNJ,167.42,237,sell,NYSE
tx_0009423,2025-06-17 10:36:16,JNJ,167.72,782,buy,NYSE
tx_0001388,2025-06-17 10:36:19,MA,347.71,238,buy,NYSE
tx_0008063,2025-06-17 10:36:19,AAPL,152.76,974,buy,NASDAQ
tx_0008137,2025-06-17 10:36:24,V,222.49,824,buy,NYSE
tx_0005515,2025-06-17 10:36:27,MCD,246.09,656,sell,NYSE
tx_0004372,2025-06-17 10:36:28,MA,352.53,345,sell,NYSE
tx_0005195,2025-06-17 10:36:34,PEP,148.14,790,buy,NYSE
tx_0003233,2025-06-17 10:36:40,PEP,149.58,648,sell,NYSE
tx_0000732,2025-06-17 10:36:44,V,221.34,799,buy,NYSE
tx_0004265,2025-06-17 10:36:44,MCD,245.59,353,buy,NYSE
tx_0000707,2025-06-17 10:36:44,DIS,183.6,206,buy,NYSE
tx_0001063,2025-06-17 10:36:46,JNJ,165.82,114,buy,NYSE
tx_0005368,2025-06-17 10:36:46,MCD,246.09,956,buy,NYSE
tx_0002543,2025-06-17 10:36:47,PG,140.9,412,buy,NYSE
tx_0003511,2025-06-17 10:36:47,GOOGL,2840.78,460,buy,NASDAQ
tx_0002042,2025-06-17 10:36:47,PG,140.28,373,,NYSE
tx_0005249,2025-06-17 10:36:47,NVDA,200.48,999,sell,NASDAQ
tx_0007213,2025-06-17 10:36:55,BRK.B,268.67,451,buy,NYSE
tx_0008529,2025-06-17 10:36:55,BRK.B,270.61,491,buy,NYSE
tx_0002451,2025-06-17 10:36:59,MA,352.92,345,sell,NYSE
tx_0006800,2025-06-17 10:36:59,BRK.B,273.51,435,buy,NYSE
tx_0003566,2025-06-17 10:37:01,DIS,182.77,281,buy,NYSE
tx_0006353,2025-06-17 10:37:02,WMT,139.23,310,sell,NYSE
tx_0009859,2025-06-17 10:37:03,V,224.59,718,buy,NYSE
tx_0003492,2025-06-17 10:37:06,DIS,183.23,744,buy,NYSE
tx_0002976,2025-06-17 10:37:08,KO,54.26,625,buy,NYSE
tx_0001427,2025-06-17 10:37:10,GOOGL,2844.0,880,buy,NASDAQ
tx_0002819,2025-06-17 10:37:14,PG,138.59,291,buy,NYSE
tx_0006609,2025-06-17 10:37:15,BRK.B,271.21,892,buy,NYSE
tx_0004772,2025-06-17 10:37:17,BRK.B,268.63,753,sell,NYSE
tx_0009146,2025-06-17 10:37:29,KO,53.75,213,sell,NYSE
tx_0007644,2025-06-17 10:37:31,PEP,148.9,769,sell,NYSE
tx_0003054,2025-06-17 10:37:33,NVDA,198.75,887,buy,NASDAQ
tx_0009352,2025-06-17 10:37:37,MCD,246.54,805,buy,NYSE
tx_0008449,2025-06-17 10:37:38,AMZN,3566.66,551,sell,NASDAQ
tx_0004067,2025-06-17 10:37:38,FB,336.16,270,buy,NASDAQ
tx_0005411,2025-06-17 10:37:39,FB,338.7,377,buy,NASDAQ
tx_0005715,2025-06-17 10:37:39,ADBE,621.1,733,buy,NASDAQ
tx_0009770,2025-06-17 10:37:40,BRK.B,269.52,205,buy,NYSE
tx_0008135,2025-06-17 10:37:41,PYPL,242.91,437,sell,NASDAQ
tx_0009873,2025-06-17 10:37:45,BRK.B,273.41,554,buy,NYSE
tx_0007394,2025-06-17 10:37:55,DIS,183.92,183,sell,NYSE
tx_0001851,2025-06-17 10:37:55,NFLX,493.29,183,buy,NASDAQ
tx_0008120,2025-06-17 10:37:57,V,221.87,628,sell,NYSE
tx_0001853,2025-06-17 10:37:59,FB,332.86,534,sell,NASDAQ
tx_0004547,2025-06-17 10:38:01,PYPL,245.11,220,sell,NASDAQ
tx_0003579,2025-06-17 10:38:05,MCD,243.81,304,buy,NYSE
tx_0007278,2025-06-17 10:38:06,MA,349.68,493,sell,NYSE
tx_0002102,2025-06-17 10:38:07,MSFT,313.82,203,buy,NASDAQ
tx_0005191,2025-06-17 10:38:08,V,222.34,613,buy,NYSE
tx_0007471,2025-06-17 10:38:15,GOOGL,2831.17,705,sell,NASDAQ
tx_0004556,2025-06-17 10:38:16,V,221.49,508,buy,NYSE
tx_0002864,2025-06-17 10:38:18,MCD,247.75,256,buy,NYSE
tx_0003493,2025-06-17 10:38:20,DIS,185.37,806,sell,NYSE
tx_0000295,2025-06-17 10:38:21,PYPL,244.75,472,sell,NASDAQ
tx_0006639,2025-06-17 10:38:24,WMT,140.03,453,sell,
tx_0006651,2025-06-17 10:38:28,FB,334.06,912,sell,NASDAQ
tx_0002755,2025-06-17 10:38:30,ADBE,622.65,549,sell,NASDAQ
tx_0006222,2025-06-17 10:38:34,MCD,246.9,960,buy,NYSE
tx_0004506,2025-06-17 10:38:34,PEP,148.96,730,buy,NYSE
tx_0003374,2025-06-17 10:38:35,PYPL,243.96,322,buy,NASDAQ
tx_0001223,2025-06-17 10:38:41,ADBE,613.0,442,sell,NASDAQ
tx_0000374,2025-06-17 10:38:42,AMZN,3563.56,810,buy,NASDAQ
tx_0007898,2025-06-17 10:38:43,PEP,149.84,538,buy,NYSE
tx_0002418,2025-06-17 10:38:43,WMT,137.56,578,sell,NYSE
tx_0005735,2025-06-17 10:38:44,GOOGL,2870.31,886,sell,NASDAQ
tx_0006930,2025-06-17 10:38:47,MCD,245.54,362,buy,NYSE
tx_0005808,2025-06-17 10:38:58,PEP,148.0,951,buy,NYSE
tx_0002911,2025-06-17 10:38:58,MCD,248.36,856,sell,NYSE
tx_0009412,2025-06-17 10:38:58,PYPL,245.92,113,buy,NASDAQ
tx_0004276,2025-06-17 10:39:00,PYPL,243.48,888,sell,NASDAQ
tx_0006468,2025-06-17 10:39:02,MSFT,315.64,493,sell,NASDAQ
tx_0006668,2025-06-17 10:39:04,PEP,147.85,428,buy,NYSE
tx_0004251,2025-06-17 10:39:04,AAPL,151.81,616,buy,NASDAQ
tx_0003015,2025-06-17 10:39:06,JNJ,166.46,760,buy,NYSE
tx_0005310,2025-06-17 10:39:11,ADBE,618.11,560,buy,NASDAQ
tx_0005202,2025-06-17 10:39:12,JNJ,165.45,816,buy,NYSE
tx_0000497,2025-06-17 10:39:13,PEP,148.0,437,buy,NYSE
tx_0002188,2025-06-17 10:39:14,PEP,149.98,284,buy,NYSE
tx_0007419,2025-06-17 10:39:15,JNJ,164.11,722,sell,NYSE
tx_0005978,2025-06-17 10:39:15,MSFT,314.93,210,sell,NASDAQ
tx_0004967,2025-06-17 10:39:19,TSLA,709.05,950,buy,NASDAQ
tx_0007065,2025-06-17 10:39:22,PEP,148.59,391,sell,NYSE
tx_0000472,2025-06-17 10:39:23,FB,333.87,350,sell,NASDAQ
tx_0000376,2025-06-17 10:39:24,AAPL,150.99,448,buy,NASDAQ
tx_0005887,2025-06-17 10:39:28,V,222.47,128,buy,NYSE
tx_0008376,2025-06-17 10:39:28,KO,53.91,435,sell,NYSE
tx_0008431,2025-06-17 10:39:28,DIS,184.35,588,sell,NYSE
tx_0006105,2025-06-17 10:39:31,NVDA,202.37,466,sell,NASDAQ
tx_0001066,2025-06-17 10:39:32,TSLA,711.24,660,sell,NASDAQ
tx_0000700,2025-06-17 10:39:36,PG,141.54,926,sell,NYSE
tx_0003261,2025-06-17 10:39:39,AAPL,151.75,146,buy,NASDAQ
tx_0001479,2025-06-17 10:39:42,GOOGL,2873.39,728,buy,NASDAQ
tx_0002410,2025-06-17 10:39:43,MCD,243.72,796,buy,NYSE
tx_0004325,2025-06-17 10:39:52,PEP,149.06,336,buy,NYSE
tx_0003554,2025-06-17 10:39:53,NFLX,488.28,253,buy,NASDAQ
tx_0008360,2025-06-17 10:39:54,WMT,139.35,361,sell,NYSE
tx_0009293,2025-06-17 10:39:56,MA,346.37,282,buy,NYSE
tx_0009988,2025-06-17 10:39:56,AAPL,153.3,371,sell,NASDAQ
tx_0005642,2025-06-17 10:40:00,ADBE,620.25,155,sell,NASDAQ
tx_0000223,2025-06-17 10:40:01,WMT,138.07,939,sell,NYSE
tx_0008995,2025-06-17 10:40:04,AMZN,3568.19,206,buy,NASDAQ
tx_0000301,2025-06-17 10:40:05,MSFT,313.93,872,sell,NASDAQ
tx_0003781,2025-06-17 10:40:11,DIS,184.73,883,sell,NYSE
tx_0007753,2025-06-17 10:40:13,NVDA,201.82,108,sell,NASDAQ
tx_0009649,2025-06-17 10:40:16,ADBE,620.53,181,sell,NASDAQ
tx_0008958,2025-06-17 10:40:19,KO,54.08,564,buy,NYSE
tx_0000471,2025-06-17 10:40:21,WMT,138.63,598,buy,NYSE
tx_0008164,2025-06-17 10:40:23,JNJ,166.77,467,sell,NYSE
tx_0006264,2025-06-17 10:40:25,AAPL,152.27,421,buy,NASDAQ
tx_0002822,2025-06-17 10:40:28,AAPL,152.43,169,buy,NASDAQ
tx_0008742,2025-06-17 10:40:31,AMZN,3604.9,690,buy,NASDAQ
tx_0002905,2025-06-17 10:40:31,JNJ,164.68,999,buy,NYSE
