transaction_id,timestamp,stock_symbol,price,quantity,order_type,exchange
tx_0001240,2025-06-19 09:30:01,PG,140.45,853,sell,NYSE
tx_0007339,2025-06-19 09:30:04,MA,349.14,511,sell,NYSE
tx_0008266,2025-06-19 09:30:06,MA,349.42,881,buy,NYSE
tx_0002794,2025-06-19 09:30:07,JNJ,169.33,675,sell,NYSE
tx_0003458,2025-06-19 09:30:12,NFLX,501.78,151,buy,NASDAQ
tx_0001565,2025-06-19 09:30:12,ADBE,594.06,694,buy,NASDAQ
tx_0007265,2025-06-19 09:30:18,PG,140.31,845,sell,NYSE
tx_0009359,2025-06-19 09:30:19,NVDA,200.78,349,sell,NASDAQ
tx_0005190,2025-06-19 09:30:19,NVDA,198.2,430,sell,NASDAQ
tx_0004687,2025-06-19 09:30:19,AMZN,3470.34,126,buy,NASDAQ
tx_0008703,2025-06-19 09:30:19,PYPL,248.45,246,sell,NASDAQ
tx_0005082,2025-06-19 09:30:22,PEP,150.51,160,sell,NYSE
tx_0001353,2025-06-19 09:30:24,NVDA,198.4,377,,NASDAQ
tx_0007842,2025-06-19 09:30:24,DIS,180.21,163,sell,NYSE
tx_0000981,2025-06-19 09:30:29,DIS,180.61,778,buy,NYSE
tx_0004455,2025-06-19 09:30:33,AAPL,150.0,776,sell,NASDAQ
tx_0007650,2025-06-19 09:30:34,NVDA,200.84,440,buy,NASDAQ
tx_0000101,2025-06-19 09:30:36,ADBE,591.92,175,buy,NASDAQ
tx_0000798,2025-06-19 09:30:38,AAPL,151.02,128,buy,NASDAQ
tx_0008732,2025-06-19 09:30:42,V,218.17,612,buy,NYSE
tx_0006857,2025-06-19 09:30:43,JNJ,171.44,315,buy,NYSE
tx_0008055,2025-06-19 09:30:48,BRK.B,282.17,345,sell,NYSE
tx_0000385,2025-06-19 09:30:49,GOOGL,2814.83,640,buy,NASDAQ
tx_0005560,2025-06-19 09:30:51,WMT,140.07,802,sell,NYSE
tx_0004379,2025-06-19 09:30:54,MSFT,298.88,407,buy,NASDAQ
tx_0001018,2025-06-19 09:30:55,WMT,139.77,948,sell,NYSE
tx_0004152,2025-06-19 09:30:55,AAPL,150.83,545,buy,NASDAQ
tx_0003707,2025-06-19 09:31:03,JNJ,171.14,936,buy,NYSE
tx_0002416,2025-06-19 09:31:03,NVDA,200.63,637,buy,NASDAQ
tx_0004430,2025-06-19 09:31:03,PYPL,249.8,164,sell,NASDAQ
tx_0006391,2025-06-19 09:31:11,JNJ,171.39,281,sell,NYSE
tx_0001312,2025-06-19 09:31:15,AAPL,150.11,886,buy,NASDAQ
tx_0001105,2025-06-19 09:31:15,DIS,181.94,475,sell,NYSE
tx_0001319,2025-06-19 09:31:19,GOOGL,2813.99,688,buy,NASDAQ
tx_0003715,2025-06-19 09:31:20,PYPL,248.16,196,sell,NASDAQ
tx_0009309,2025-06-19 09:31:23,MSFT,300.62,841,sell,NASDAQ
tx_0001326,2025-06-19 09:31:27,PG,139.5,498,sell,NYSE
tx_0003762,2025-06-19 09:31:27,MCD,250.12,130,buy,NYSE
tx_0006249,2025-06-19 09:31:30,WMT,139.02,782,buy,NYSE
tx_0000882,2025-06-19 09:31:30,AAPL,150.1,811,buy,NASDAQ
tx_0005749,2025-06-19 09:31:32,FB,333.52,714,buy,NASDAQ
tx_0008051,2025-06-19 09:31:34,NFLX,499.13,219,buy,NASDAQ
tx_0009587,2025-06-19 09:31:37,MSFT,302.51,252,buy,NASDAQ
tx_0007213,2025-06-19 09:31:37,BRK.B,282.64,183,buy,NYSE
tx_0007337,2025-06-19 09:31:38,JNJ,172.12,382,buy,NYSE
tx_0001844,2025-06-19 09:31:41,NVDA,200.84,703,sell,NASDAQ
tx_0006445,2025-06-19 09:31:45,FB,328.23,341,buy,NASDAQ
tx_0006534,2025-06-19 09:31:49,NVDA,200.49,644,buy,NASDAQ
tx_0000649,2025-06-19 09:31:51,AMZN,3523.25,903,sell,NASDAQ
tx_0003682,2025-06-19 09:31:51,FB,329.41,475,buy,NASDAQ
tx_0004241,2025-06-19 09:31:53,KO,55.72,238,buy,NYSE
tx_0001815,2025-06-19 09:31:53,MCD,250.26,301,sell,NYSE
tx_0008397,2025-06-19 09:31:57,V,217.16,426,sell,NYSE
tx_0007998,2025-06-19 09:32:00,DIS,181.67,176,buy,NYSE
tx_0004738,2025-06-19 09:32:03,DIS,181.13,119,buy,NYSE
tx_0009473,2025-06-19 09:32:15,NFLX,501.86,709,sell,NASDAQ
tx_0004955,2025-06-19 09:32:15,DIS,181.29,761,sell,NYSE
tx_0005871,2025-06-19 09:32:19,PEP,149.71,940,buy,NYSE
tx_0007417,2025-06-19 09:32:19,V,218.88,638,buy,NYSE
tx_0000233,2025-06-19 09:32:25,MCD,247.03,749,sell,NYSE
tx_0000105,2025-06-19 09:32:26,AAPL,149.7,925,sell,NASDAQ
tx_0004585,2025-06-19 09:32:28,MA,352.51,704,buy,NYSE
tx_0002601,2025-06-19 09:32:29,TSLA,702.11,890,sell,NASDAQ
tx_0001042,2025-06-19 09:32:31,AMZN,3535.5,221,buy,NASDAQ
tx_0007212,2025-06-19 09:32:33,PEP,148.87,551,buy,NYSE
tx_0008636,2025-06-19 09:32:37,WMT,140.9,867,buy,NYSE
tx_0009654,2025-06-19 09:32:40,PG,138.75,316,buy,NYSE
tx_0009725,2025-06-19 09:32:43,WMT,140.1,360,buy,NYSE
tx_0003100,2025-06-19 09:32:44,MSFT,300.45,925,buy,NASDAQ
tx_0005225,2025-06-19 09:32:44,WMT,141.35,219,buy,NYSE
tx_0007293,2025-06-19 09:32:48,PYPL,247.71,456,sell,NASDAQ
tx_0004934,2025-06-19 09:32:49,JNJ,171.29,592,sell,NYSE
tx_0009232,2025-06-19 09:32:49,TSLA,699.65,460,buy,NASDAQ
tx_0009480,2025-06-19 09:32:51,WMT,139.52,878,sell,NYSE
tx_0008663,2025-06-19 09:32:57,MCD,251.4,491,buy,NYSE
tx_0007815,2025-06-19 09:32:57,V,217.94,978,buy,NYSE
tx_0003137,2025-06-19 09:32:59,GOOGL,2788.01,131,buy,NASDAQ
tx_0006816,2025-06-19 09:33:03,PG,138.85,602,buy,NYSE
tx_0003288,2025-06-19 09:33:04,AAPL,149.79,170,sell,NASDAQ
tx_0002569,2025-06-19 09:33:08,TSLA,700.31,911,buy,NASDAQ
tx_0001076,2025-06-19 09:33:10,ADBE,590.35,291,buy,NASDAQ
tx_0008870,2025-06-19 09:33:12,AMZN,3545.55,184,buy,NASDAQ
tx_0004728,2025-06-19 09:33:13,NVDA,199.14,726,buy,NASDAQ
tx_0003025,2025-06-19 09:33:13,BRK.B,277.24,765,buy,NYSE
tx_0003372,2025-06-19 09:33:13,GOOGL,2773.23,361,buy,NASDAQ
tx_0004043,2025-06-19 09:33:17,PEP,148.34,351,buy,NYSE
tx_0004869,2025-06-19 09:33:20,JNJ,170.53,563,sell,NYSE
tx_0000868,2025-06-19 09:33:20,BRK.B,281.62,767,buy,NYSE
tx_0009659,2025-06-19 09:33:21,ADBE,586.93,307,buy,NASDAQ
tx_0005187,2025-06-19 09:33:21,AMZN,3537.94,930,buy,NASDAQ
tx_0005371,2025-06-19 09:33:24,ADBE,595.76,599,sell,NASDAQ
tx_0005341,2025-06-19 09:33:24,PYPL,247.29,246,sell,NASDAQ
tx_0005755,2025-06-19 09:33:25,PG,138.35,805,sell,NYSE
tx_0000483,2025-06-19 09:33:27,ADBE,587.8,893,sell,NASDAQ
tx_0001381,2025-06-19 09:33:29,NFLX,500.48,183,buy,NASDAQ
tx_0008927,2025-06-19 09:33:34,AMZN,,629,sell,NASDAQ
tx_0000848,2025-06-19 09:33:45,JNJ,169.66,537,sell,NYSE
tx_0002935,2025-06-19 09:33:47,PYPL,252.06,196,buy,NASDAQ
tx_0006859,2025-06-19 09:33:47,AMZN,3557.36,152,sell,NASDAQ
tx_0006730,2025-06-19 09:33:51,TSLA,,805,sell,NASDAQ
tx_0004462,2025-06-19 09:33:54,MSFT,296.72,897,sell,NASDAQ
tx_0003866,2025-06-19 09:34:01,MCD,246.23,298,sell,NYSE
tx_0007043,2025-06-19 09:34:02,NVDA,202.57,180,buy,NASDAQ
tx_0008820,2025-06-19 09:34:04,ADBE,597.57,410,buy,NASDAQ
tx_0008651,2025-06-19 09:34:05,ADBE,595.86,871,sell,NASDAQ
tx_0003753,2025-06-19 09:34:05,KO,54.69,565,buy,NYSE
tx_0009580,2025-06-19 09:34:07,FB,331.69,542,buy,NASDAQ
tx_0000078,2025-06-19 09:34:18,ADBE,592.59,347,sell,NASDAQ
tx_0008809,2025-06-19 09:34:18,ADBE,596.04,622,sell,NASDAQ
tx_0005799,2025-06-19 09:34:23,MA,353.92,786,sell,NYSE
tx_0008497,2025-06-19 09:34:25,TSLA,693.61,777,buy,NASDAQ
tx_0000827,2025-06-19 09:34:26,PEP,151.33,347,buy,NYSE
tx_0007144,2025-06-19 09:34:33,AAPL,150.22,948,buy,NASDAQ
tx_0009564,2025-06-19 09:34:33,PYPL,251.06,284,sell,NASDAQ
tx_0000510,2025-06-19 09:34:36,NVDA,200.43,203,buy,NASDAQ
tx_0006020,2025-06-19 09:34:37,ADBE,588.41,227,sell,NASDAQ
tx_0003881,2025-06-19 09:34:39,MA,353.16,267,buy,NYSE
tx_0009091,2025-06-19 09:34:41,TSLA,697.58,865,buy,NASDAQ
tx_0007386,2025-06-19 09:34:41,MSFT,299.58,463,sell,NASDAQ
tx_0008833,2025-06-19 09:34:44,KO,55.48,285,sell,NYSE
tx_0009946,2025-06-19 09:34:45,GOOGL,2810.37,991,buy,NASDAQ
tx_0005402,2025-06-19 09:34:47,JNJ,170.25,186,sell,NYSE
tx_0001336,2025-06-19 09:34:50,PG,137.5,780,buy,NYSE
tx_0003159,2025-06-19 09:34:56,GOOGL,2812.44,693,sell,NASDAQ
tx_0002616,2025-06-19 09:34:56,ADBE,595.97,639,sell,NASDAQ
tx_0005084,2025-06-19 09:34:57,GOOGL,2806.29,247,buy,NASDAQ
tx_0003688,2025-06-19 09:34:59,BRK.B,278.32,545,,NYSE
tx_0005729,2025-06-19 09:35:05,MCD,245.47,806,sell,NYSE
tx_0008680,2025-06-19 09:35:07,MCD,245.63,612,sell,NYSE
tx_0009246,2025-06-19 09:35:09,PYPL,249.39,345,buy,NASDAQ
tx_0009327,2025-06-19 09:35:13,TSLA,697.37,189,sell,NASDAQ
tx_0002657,2025-06-19 09:35:13,GOOGL,2821.8,290,buy,NASDAQ
tx_0005120,2025-06-19 09:35:14,FB,333.26,994,buy,NASDAQ
tx_0004388,2025-06-19 09:35:19,MCD,247.32,228,sell,NYSE
tx_0007496,2025-06-19 09:35:21,MSFT,297.46,220,sell,NASDAQ
tx_0000855,2025-06-19 09:35:23,MCD,245.93,944,sell,NYSE
tx_0004893,2025-06-19 09:35:24,FB,328.41,293,buy,NASDAQ
tx_0009026,2025-06-19 09:35:25,MSFT,301.9,147,buy,NASDAQ
tx_0006014,2025-06-19 09:35:26,WMT,141.32,587,sell,NYSE
tx_0001433,2025-06-19 09:35:27,PYPL,251.04,280,sell,NASDAQ
tx_0005717,2025-06-19 09:35:32,NVDA,200.02,332,sell,NASDAQ
tx_0007525,2025-06-19 09:35:33,PG,138.37,228,buy,NYSE
tx_0004986,2025-06-19 09:35:34,PYPL,252.02,922,sell,NASDAQ
tx_0006403,2025-06-19 09:35:38,MCD,248.02,912,sell,NYSE
tx_0001527,2025-06-19 09:35:40,KO,55.0,958,sell,NYSE
tx_0007353,2025-06-19 09:35:41,MA,348.61,513,sell,NYSE
tx_0002340,2025-06-19 09:35:43,WMT,142.49,707,sell,NYSE
tx_0007423,2025-06-19 09:35:46,AAPL,149.03,160,buy,NASDAQ
tx_0006685,2025-06-19 09:35:47,AAPL,148.63,293,sell,NASDAQ
tx_0009304,2025-06-19 09:35:52,WMT,140.84,279,sell,NYSE
tx_0001344,2025-06-19 09:35:56,MSFT,302.43,464,sell,NASDAQ
tx_0000154,2025-06-19 09:35:59,TSLA,692.78,393,sell,NASDAQ
tx_0008516,2025-06-19 09:36:00,V,221.13,229,buy,NYSE
tx_0008956,2025-06-19 09:36:04,V,220.76,555,buy,NYSE
tx_0001367,2025-06-19 09:36:06,PYPL,251.0,293,sell,NASDAQ
tx_0001653,2025-06-19 09:36:07,PG,138.84,716,sell,NYSE
tx_0003002,2025-06-19 09:36:07,KO,55.09,118,buy,NYSE
tx_0005272,2025-06-19 09:36:09,KO,55.36,309,buy,NYSE
tx_0004866,2025-06-19 09:36:11,AAPL,150.56,207,buy,NASDAQ
tx_0006155,2025-06-19 09:36:12,PEP,148.95,647,buy,NYSE
tx_0008796,2025-06-19 09:36:13,PEP,149.99,106,buy,NYSE
tx_0004215,2025-06-19 09:36:14,AMZN,3542.81,486,sell,NASDAQ
tx_0001826,2025-06-19 09:36:15,NFLX,498.47,970,sell,NASDAQ
tx_0008550,2025-06-19 09:36:16,FB,330.8,329,buy,NASDAQ
tx_0007100,2025-06-19 09:36:18,DIS,180.57,643,buy,NYSE
tx_0002192,2025-06-19 09:36:18,TSLA,702.06,597,buy,NASDAQ
tx_0006776,2025-06-19 09:36:18,WMT,141.65,493,buy,NYSE
tx_0006278,2025-06-19 09:36:21,PG,136.53,794,buy,NYSE
tx_0009509,2025-06-19 09:36:27,PEP,149.12,741,buy,NYSE
tx_0009525,2025-06-19 09:36:32,TSLA,699.35,858,buy,NASDAQ
tx_0009865,2025-06-19 09:36:33,PYPL,249.39,943,buy,NASDAQ
tx_0007435,2025-06-19 09:36:33,NFLX,496.05,622,buy,NASDAQ
tx_0008021,2025-06-19 09:36:34,WMT,140.66,577,buy,NYSE
tx_0004819,2025-06-19 09:36:34,MCD,247.25,406,buy,NYSE
tx_0000355,2025-06-19 09:36:36,KO,55.16,751,sell,NYSE
tx_0003232,2025-06-19 09:36:37,ADBE,594.9,214,sell,
tx_0006581,2025-06-19 09:36:38,AAPL,149.01,936,sell,NASDAQ
tx_0004504,2025-06-19 09:36:39,FB,335.83,998,sell,NASDAQ
tx_0000837,2025-06-19 09:36:41,WMT,142.1,142,buy,NYSE
tx_0000805,2025-06-19 09:36:43,MCD,247.86,143,buy,NYSE
tx_0003230,2025-06-19 09:36:45,NFLX,494.3,848,buy,NASDAQ
tx_0003447,2025-06-19 09:36:45,NFLX,498.95,392,buy,NASDAQ
tx_0000361,2025-06-19 09:36:46,ADBE,587.77,777,buy,NASDAQ
tx_0004740,2025-06-19 09:36:50,PG,136.25,358,buy,NYSE
tx_0008380,2025-06-19 09:36:57,KO,55.59,500,sell,NYSE
tx_0009432,2025-06-19 09:36:57,JNJ,172.65,876,sell,NYSE
tx_0005185,2025-06-19 09:36:57,V,222.13,992,buy,NYSE
tx_0007846,2025-06-19 09:37:07,AAPL,149.7,632,buy,NASDAQ
tx_0001126,2025-06-19 09:37:10,NVDA,201.68,956,buy,NASDAQ
tx_0009021,2025-06-19 09:37:13,MCD,248.16,661,sell,NYSE
tx_0005449,2025-06-19 09:37:14,MSFT,298.89,598,buy,NASDAQ
tx_0006018,2025-06-19 09:37:16,NVDA,201.12,615,buy,NASDAQ
tx_0002103,2025-06-19 09:37:18,MSFT,299.64,386,sell,NASDAQ
tx_0009101,2025-06-19 09:37:19,PYPL,249.92,118,buy,NASDAQ
tx_0000906,2025-06-19 09:37:21,V,218.36,637,sell,NYSE
tx_0005868,2025-06-19 09:37:21,NVDA,198.85,515,buy,NASDAQ
tx_0007840,2025-06-19 09:37:25,BRK.B,277.55,411,sell,NYSE
tx_0009369,2025-06-19 09:37:26,AAPL,150.85,962,buy,NASDAQ
tx_0008451,2025-06-19 09:37:27,DIS,179.64,351,sell,NYSE
tx_0007708,2025-06-19 09:37:30,JNJ,172.36,943,sell,NYSE
tx_0005033,2025-06-19 09:37:33,KO,55.33,489,sell,NYSE
tx_0000572,2025-06-19 09:37:34,MA,349.81,905,buy,NYSE
tx_0000433,2025-06-19 09:37:35,PYPL,252.96,835,buy,NASDAQ
tx_0004686,2025-06-19 09:37:38,DIS,179.61,881,buy,NYSE
tx_0004846,2025-06-19 09:37:38,PG,137.44,997,buy,NYSE
tx_0008010,2025-06-19 09:37:39,AMZN,3520.48,720,buy,NASDAQ
tx_0001858,2025-06-19 09:37:47,JNJ,171.16,693,buy,NYSE
tx_0003120,2025-06-19 09:37:51,JNJ,171.08,258,buy,NYSE
tx_0003611,2025-06-19 09:37:52,PEP,147.33,546,sell,NYSE
tx_0004644,2025-06-19 09:37:57,TSLA,697.98,724,buy,NASDAQ
tx_0008675,2025-06-19 09:37:57,MCD,247.28,661,buy,NYSE
tx_0001465,2025-06-19 09:38:03,AMZN,3522.85,534,sell,NASDAQ
tx_0008018,2025-06-19 09:38:08,TSLA,692.98,887,sell,NASDAQ
tx_0001843,2025-06-19 09:38:09,TSLA,700.29,730,buy,NASDAQ
tx_0006754,2025-06-19 09:38:09,MCD,249.75,385,buy,NYSE
tx_0002194,2025-06-19 09:38:10,DIS,180.16,204,buy,NYSE
tx_0001692,2025-06-19 09:38:12,MA,349.45,360,sell,NYSE
tx_0008779,2025-06-19 09:38:12,TSLA,695.88,458,sell,NASDAQ
tx_0007836,2025-06-19 09:38:14,MSFT,300.81,140,sell,NASDAQ
tx_0001644,2025-06-19 09:38:23,KO,54.69,475,buy,NYSE
tx_0008015,2025-06-19 09:38:23,PYPL,250.95,457,sell,NASDAQ
tx_0009275,2025-06-19 09:38:23,PEP,148.58,332,sell,NYSE
tx_0008915,2025-06-19 09:38:34,NFLX,492.09,599,buy,NASDAQ
tx_0001861,2025-06-19 09:38:35,JNJ,174.07,759,sell,NYSE
tx_0005353,2025-06-19 09:38:35,KO,55.42,956,sell,NYSE
tx_0009990,2025-06-19 09:38:39,PG,138.07,510,buy,NYSE
tx_0003725,2025-06-19 09:38:41,PEP,149.02,270,sell,NYSE
tx_0008692,2025-06-19 09:38:41,PG,137.39,936,buy,NYSE
tx_0009054,2025-06-19 09:38:42,TSLA,699.32,222,buy,NASDAQ
tx_0009553,2025-06-19 09:38:43,MSFT,302.12,839,buy,NASDAQ
tx_0003090,2025-06-19 09:38:47,KO,55.03,642,buy,NYSE
tx_0006290,2025-06-19 09:38:49,MA,345.85,784,buy,NYSE
tx_0000955,2025-06-19 09:38:50,MA,342.28,240,sell,NYSE
tx_0007295,2025-06-19 09:38:50,PYPL,253.14,429,sell,NASDAQ
tx_0007676,2025-06-19 09:38:56,MSFT,301.46,880,sell,NASDAQ
tx_0003316,2025-06-19 09:38:58,V,221.5,997,sell,NYSE
tx_0001538,2025-06-19 09:38:59,PG,138.18,304,buy,NYSE
tx_0004519,2025-06-19 09:39:01,AAPL,149.47,840,buy,NASDAQ
tx_0003111,2025-06-19 09:39:03,BRK.B,276.53,725,buy,NYSE
tx_0003135,2025-06-19 09:39:03,BRK.B,279.36,616,sell,NYSE
tx_0003460,2025-06-19 09:39:05,NFLX,496.11,395,buy,NASDAQ
tx_0008244,2025-06-19 09:39:05,TSLA,700.05,102,buy,NASDAQ
tx_0008511,2025-06-19 09:39:07,GOOGL,2830.09,909,sell,NASDAQ
tx_0006810,2025-06-19 09:39:08,TSLA,701.69,807,sell,NASDAQ
tx_0007886,2025-06-19 09:39:10,JNJ,172.72,152,sell,NYSE
tx_0007320,2025-06-19 09:39:13,MCD,248.95,951,sell,NYSE
tx_0008619,2025-06-19 09:39:14,AAPL,148.76,498,sell,NASDAQ
tx_0003401,2025-06-19 09:39:15,PYPL,252.41,896,sell,NASDAQ
tx_0001749,2025-06-19 09:39:17,KO,55.52,684,buy,NYSE
tx_0008134,2025-06-19 09:39:19,BRK.B,276.8,807,sell,NYSE
tx_0009162,2025-06-19 09:39:21,KO,55.16,270,sell,NYSE
tx_0008132,2025-06-19 09:39:21,MA,348.53,857,buy,NYSE
tx_0002527,2025-06-19 09:39:22,WMT,142.37,603,sell,NYSE
tx_0003385,2025-06-19 09:39:22,GOOGL,2776.58,387,sell,NASDAQ
tx_0002944,2025-06-19 09:39:26,BRK.B,277.39,268,buy,NYSE
tx_0009193,2025-06-19 09:39:26,ADBE,586.83,440,buy,NASDAQ
tx_0004722,2025-06-19 09:39:29,MSFT,300.84,578,sell,NASDAQ
tx_0004812,2025-06-19 09:39:39,MA,344.69,413,buy,NYSE
tx_0001754,2025-06-19 09:39:48,FB,331.94,628,buy,NASDAQ
tx_0000391,2025-06-19 09:39:49,NFLX,492.9,525,buy,NASDAQ
tx_0000702,2025-06-19 09:39:49,DIS,179.4,166,sell,NYSE
tx_0002143,2025-06-19 09:39:50,KO,54.95,674,buy,NYSE
tx_0004144,2025-06-19 09:39:51,V,217.43,604,sell,NYSE
tx_0008925,2025-06-19 09:39:51,PG,135.42,841,buy,NYSE
tx_0002448,2025-06-19 09:39:54,NFLX,500.39,746,sell,NASDAQ
tx_0004259,2025-06-19 09:39:54,WMT,141.1,917,buy,NYSE
tx_0004847,2025-06-19 09:39:54,DIS,179.21,726,sell,NYSE
tx_0008695,2025-06-19 09:39:55,DIS,179.89,441,buy,NYSE
tx_0008496,2025-06-19 09:40:04,DIS,178.83,649,sell,NYSE
tx_0002111,2025-06-19 09:40:04,PG,135.89,749,sell,NYSE
tx_0001842,2025-06-19 09:40:07,BRK.B,277.29,591,sell,NYSE
tx_0003245,2025-06-19 09:40:14,KO,55.2,645,sell,NYSE
tx_0004157,2025-06-19 09:40:17,V,220.82,463,buy,NYSE
tx_0000583,2025-06-19 09:40:23,WMT,143.0,722,buy,NYSE
tx_0008236,2025-06-19 09:40:24,V,219.42,662,buy,NYSE
tx_0005410,2025-06-19 09:40:30,JNJ,171.61,561,buy,NYSE
tx_0002184,2025-06-19 09:40:30,DIS,179.15,412,buy,NYSE
tx_0006052,2025-06-19 09:40:30,AAPL,148.21,118,sell,NASDAQ
tx_0001288,2025-06-19 09:40:31,GOOGL,2795.86,494,buy,NASDAQ
tx_0008765,2025-06-19 09:40:32,MCD,249.38,887,buy,NYSE
tx_0006506,2025-06-19 09:40:34,ADBE,592.96,414,buy,NASDAQ
tx_0009179,2025-06-19 09:40:35,DIS,179.21,624,sell,NYSE
tx_0007638,2025-06-19 09:40:36,AMZN,3581.71,269,buy,NASDAQ
tx_0004220,2025-06-19 09:40:37,GOOGL,2842.88,221,buy,NASDAQ
tx_0003422,2025-06-19 09:40:38,ADBE,587.73,410,sell,NASDAQ
tx_0002678,2025-06-19 09:40:47,PYPL,251.61,194,sell,NASDAQ
tx_0003737,2025-06-19 09:40:53,MSFT,303.76,812,buy,NASDAQ
tx_0001214,2025-06-19 09:40:55,BRK.B,276.27,190,buy,NYSE
tx_0007129,2025-06-19 09:40:55,AMZN,3581.11,559,sell,NASDAQ
tx_0004867,2025-06-19 09:41:01,BRK.B,279.6,518,sell,NYSE
tx_0007278,2025-06-19 09:41:04,PG,136.58,378,sell,NYSE
tx_0005097,2025-06-19 09:41:04,NVDA,199.23,445,buy,NASDAQ
tx_0004073,2025-06-19 09:41:04,DIS,180.0,117,buy,NYSE
tx_0007608,2025-06-19 09:41:04,KO,54.73,559,sell,NYSE
tx_0006822,2025-06-19 09:41:05,KO,54.92,170,buy,NYSE
tx_0003176,2025-06-19 09:41:05,NFLX,495.43,400,buy,NASDAQ
tx_0008297,2025-06-19 09:41:05,AAPL,149.21,393,buy,NASDAQ
tx_0008063,2025-06-19 09:41:07,V,221.69,310,sell,NYSE
tx_0006126,2025-06-19 09:41:08,NVDA,201.6,445,buy,NASDAQ
tx_0002057,2025-06-19 09:41:08,GOOGL,2839.61,140,buy,NASDAQ
tx_0007209,2025-06-19 09:41:11,PG,136.62,865,buy,NYSE
tx_0000721,2025-06-19 09:41:12,V,218.64,558,buy,NYSE
tx_0001052,2025-06-19 09:41:13,NVDA,199.65,121,buy,NASDAQ
tx_0009361,2025-06-19 09:41:13,BRK.B,277.7,306,sell,NYSE
tx_0002732,2025-06-19 09:41:15,MCD,246.73,484,buy,NYSE
tx_0000556,2025-06-19 09:41:15,AAPL,148.83,203,buy,NASDAQ
tx_0009906,2025-06-19 09:41:16,ADBE,587.52,745,sell,NASDAQ
tx_0005476,2025-06-19 09:41:16,NFLX,492.46,630,buy,NASDAQ
tx_0005040,2025-06-19 09:41:16,JNJ,170.07,323,sell,NYSE
tx_0004827,2025-06-19 09:41:20,V,218.81,947,sell,NYSE
tx_0008117,2025-06-19 09:41:21,NVDA,198.52,348,sell,NASDAQ
tx_0000358,2025-06-19 09:41:25,AAPL,148.1,688,buy,NASDAQ
tx_0004411,2025-06-19 09:41:26,AMZN,,708,sell,NASDAQ
tx_0003018,2025-06-19 09:41:37,GOOGL,2829.33,385,buy,NASDAQ
tx_0005909,2025-06-19 09:41:43,WMT,143.55,842,sell,NYSE
tx_0008264,2025-06-19 09:41:48,FB,335.95,134,sell,NASDAQ
tx_0008834,2025-06-19 09:41:49,MSFT,300.17,844,sell,NASDAQ
tx_0000957,2025-06-19 09:41:53,PG,135.54,670,sell,NYSE
tx_0004525,2025-06-19 09:41:56,MCD,,233,buy,NYSE
tx_0004682,2025-06-19 09:41:59,AMZN,3606.5,365,sell,NASDAQ
tx_0002999,2025-06-19 09:42:00,GOOGL,2802.53,281,buy,NASDAQ
tx_0002239,2025-06-19 09:42:03,FB,334.85,861,sell,NASDAQ
tx_0008173,2025-06-19 09:42:04,NFLX,494.58,223,sell,NASDAQ
tx_0005538,2025-06-19 09:42:06,TSLA,706.73,605,sell,NASDAQ
tx_0006704,2025-06-19 09:42:06,JNJ,172.96,366,sell,NYSE
tx_0001849,2025-06-19 09:42:08,MSFT,300.06,343,buy,NASDAQ
tx_0000645,2025-06-19 09:42:09,JNJ,170.45,538,sell,NYSE
tx_0000245,2025-06-19 09:42:10,AAPL,147.28,558,buy,NASDAQ
tx_0006350,2025-06-19 09:42:12,NFLX,493.02,433,sell,NASDAQ
tx_0000132,2025-06-19 09:42:13,FB,333.07,337,sell,NASDAQ
tx_0007816,2025-06-19 09:42:16,PEP,149.9,615,sell,NYSE
tx_0005992,2025-06-19 09:42:18,TSLA,702.93,727,sell,NASDAQ
tx_0000167,2025-06-19 09:42:18,TSLA,698.42,616,buy,NASDAQ
tx_0009185,2025-06-19 09:42:18,ADBE,592.11,602,sell,
tx_0004323,2025-06-19 09:42:19,ADBE,589.98,574,sell,NASDAQ
tx_0005924,2025-06-19 09:42:22,ADBE,588.87,900,buy,NASDAQ
tx_0009533,2025-06-19 09:42:25,MA,346.52,230,sell,NYSE
tx_0002309,2025-06-19 09:42:26,JNJ,170.97,685,sell,NYSE
tx_0009009,2025-06-19 09:42:29,FB,330.56,547,sell,NASDAQ
tx_0001496,2025-06-19 09:42:31,AMZN,,183,buy,NASDAQ
tx_0009584,2025-06-19 09:42:31,MCD,247.78,319,sell,NYSE
tx_0001307,2025-06-19 09:42:33,NVDA,201.67,327,sell,NASDAQ
tx_0006388,2025-06-19 09:42:36,V,218.37,611,buy,NYSE
tx_0009647,2025-06-19 09:42:37,DIS,178.74,495,sell,NYSE
tx_0000196,2025-06-19 09:42:46,BRK.B,278.15,439,sell,NYSE
tx_0007603,2025-06-19 09:42:46,BRK.B,279.75,188,sell,NYSE
tx_0004489,2025-06-19 09:42:50,JNJ,172.18,775,sell,NYSE
tx_0004319,2025-06-19 09:42:56,MCD,249.63,923,buy,NYSE
tx_0009055,2025-06-19 09:42:57,KO,54.73,391,sell,NYSE
tx_0009388,2025-06-19 09:42:58,DIS,179.33,361,sell,NYSE
tx_0007198,2025-06-19 09:43:03,PG,137.27,441,sell,NYSE
tx_0004211,2025-06-19 09:43:04,NVDA,199.23,805,sell,NASDAQ
tx_0001242,2025-06-19 09:43:07,NVDA,199.0,603,buy,NASDAQ
tx_0003815,2025-06-19 09:43:08,KO,54.93,260,sell,NYSE
tx_0003329,2025-06-19 09:43:09,MA,348.64,456,sell,NYSE
tx_0005626,2025-06-19 09:43:11,WMT,141.66,113,sell,NYSE
tx_0003121,2025-06-19 09:43:14,MA,342.68,342,buy,NYSE
tx_0008133,2025-06-19 09:43:22,MCD,245.62,558,sell,NYSE
tx_0005994,2025-06-19 09:43:24,GOOGL,2807.14,162,buy,NASDAQ
tx_0000380,2025-06-19 09:43:24,PYPL,250.27,622,sell,NASDAQ
tx_0003650,2025-06-19 09:43:26,PYPL,253.23,476,buy,NASDAQ
tx_0006877,2025-06-19 09:43:28,KO,54.83,494,buy,NYSE
tx_0003003,2025-06-19 09:43:29,MA,347.21,201,buy,NYSE
tx_0000881,2025-06-19 09:43:30,MSFT,301.97,671,buy,NASDAQ
tx_0004244,2025-06-19 09:43:32,WMT,142.25,570,sell,NYSE
tx_0008918,2025-06-19 09:43:35,AMZN,3581.93,769,sell,NASDAQ
tx_0006831,2025-06-19 09:43:36,AMZN,3557.91,268,sell,NASDAQ
tx_0002543,2025-06-19 09:43:37,PG,135.17,384,buy,NYSE
tx_0004761,2025-06-19 09:43:43,GOOGL,2825.72,970,sell,NASDAQ
tx_0003756,2025-06-19 09:43:43,MCD,248.01,285,buy,NYSE
tx_0008638,2025-06-19 09:43:44,NVDA,199.85,942,sell,NASDAQ
tx_0008705,2025-06-19 09:43:45,MCD,250.15,668,sell,NYSE
tx_0002037,2025-06-19 09:43:46,MCD,248.71,772,buy,NYSE
tx_0005017,2025-06-19 09:43:48,NFLX,493.04,917,buy,NASDAQ
tx_0003154,2025-06-19 09:43:50,AAPL,147.43,959,sell,NASDAQ
tx_0007260,2025-06-19 09:43:52,PEP,148.92,778,buy,NYSE
tx_0009396,2025-06-19 09:43:54,TSLA,705.78,856,buy,NASDAQ
tx_0003444,2025-06-19 09:43:58,MCD,246.86,262,sell,NYSE
tx_0000112,2025-06-19 09:44:03,NFLX,496.16,527,sell,NASDAQ
tx_0005405,2025-06-19 09:44:03,GOOGL,2827.36,138,sell,NASDAQ
tx_0003349,2025-06-19 09:44:04,PEP,147.73,737,sell,NYSE
tx_0002624,2025-06-19 09:44:06,MCD,249.23,568,buy,NYSE
tx_0009934,2025-06-19 09:44:11,TSLA,699.37,989,sell,NASDAQ
tx_0004096,2025-06-19 09:44:15,JNJ,173.29,555,buy,NYSE
tx_0004031,2025-06-19 09:44:17,BRK.B,277.02,113,sell,NYSE
tx_0000379,2025-06-19 09:44:20,ADBE,592.75,974,sell,NASDAQ
tx_0003708,2025-06-19 09:44:21,AAPL,147.76,283,buy,NASDAQ
tx_0009115,2025-06-19 09:44:22,AAPL,149.84,784,sell,NASDAQ
tx_0008281,2025-06-19 09:44:24,AMZN,3552.22,341,buy,NASDAQ
tx_0005389,2025-06-19 09:44:26,MSFT,301.72,481,buy,NASDAQ
tx_0002634,2025-06-19 09:44:29,PYPL,250.62,838,buy,NASDAQ
tx_0009117,2025-06-19 09:44:29,TSLA,702.14,973,buy,NASDAQ
tx_0007231,2025-06-19 09:44:33,MCD,249.09,584,sell,NYSE
tx_0004679,2025-06-19 09:44:34,NFLX,494.78,973,sell,NASDAQ
tx_0004910,2025-06-19 09:44:38,TSLA,698.03,882,buy,NASDAQ
tx_0009281,2025-06-19 09:44:40,PEP,149.25,894,buy,NYSE
tx_0001556,2025-06-19 09:44:40,AAPL,149.01,710,buy,NASDAQ
tx_0008333,2025-06-19 09:44:45,NFLX,493.52,567,buy,NASDAQ
tx_0006112,2025-06-19 09:44:50,KO,54.94,502,sell,NYSE
tx_0009761,2025-06-19 09:44:52,MSFT,304.5,759,sell,NASDAQ
tx_0001019,2025-06-19 09:44:52,PEP,147.12,876,sell,NYSE
tx_0008880,2025-06-19 09:44:53,PEP,148.66,400,buy,NYSE
tx_0009499,2025-06-19 09:44:54,GOOGL,2807.79,834,sell,NASDAQ
tx_0003055,2025-06-19 09:44:55,MSFT,304.4,730,sell,NASDAQ
tx_0001450,2025-06-19 09:44:58,PEP,146.67,372,buy,NYSE
tx_0005880,2025-06-19 09:44:59,AMZN,3530.12,390,sell,NASDAQ
tx_0000335,2025-06-19 09:45:00,KO,55.23,329,sell,NYSE
tx_0004183,2025-06-19 09:45:01,JNJ,170.89,816,sell,NYSE
tx_0002392,2025-06-19 09:45:05,PG,134.24,222,buy,NYSE
tx_0002145,2025-06-19 09:45:09,NFLX,499.22,691,sell,NASDAQ
tx_0000369,2025-06-19 09:45:09,ADBE,589.48,822,buy,NASDAQ
tx_0008301,2025-06-19 09:45:10,AMZN,3562.55,868,sell,NASDAQ
tx_0002233,2025-06-19 09:45:13,AMZN,3564.4,989,buy,NASDAQ
tx_0000560,2025-06-19 09:45:13,ADBE,594.04,291,sell,NASDAQ
tx_0004731,2025-06-19 09:45:19,PEP,147.81,109,buy,NYSE
tx_0009066,2025-06-19 09:45:21,PG,135.47,844,sell,NYSE
tx_0004386,2025-06-19 09:45:25,NFLX,491.28,463,sell,NASDAQ
tx_0000490,2025-06-19 09:45:34,JNJ,172.81,820,buy,NYSE
tx_0004487,2025-06-19 09:45:35,JNJ,171.58,368,buy,NYSE
tx_0006172,2025-06-19 09:45:37,AAPL,148.81,536,sell,NASDAQ
tx_0006667,2025-06-19 09:45:38,TSLA,694.96,820,sell,NASDAQ
tx_0002582,2025-06-19 09:45:40,NFLX,496.97,343,buy,NASDAQ
tx_0005203,2025-06-19 09:45:42,NVDA,202.84,867,sell,NASDAQ
tx_0002682,2025-06-19 09:45:42,MCD,250.12,573,buy,NYSE
tx_0006027,2025-06-19 09:45:44,JNJ,170.73,399,sell,NYSE
tx_0009925,2025-06-19 09:45:47,BRK.B,283.91,616,buy,NYSE
tx_0001405,2025-06-19 09:45:49,ADBE,598.69,669,sell,NASDAQ
tx_0000767,2025-06-19 09:45:52,MA,343.33,501,buy,NYSE
tx_0008759,2025-06-19 09:45:53,GOOGL,2803.85,636,buy,NASDAQ
tx_0000726,2025-06-19 09:45:54,DIS,179.21,449,sell,NYSE
tx_0000707,2025-06-19 09:45:54,MCD,251.5,459,buy,NYSE
tx_0008402,2025-06-19 09:45:54,PYPL,251.98,575,buy,NASDAQ
tx_0003967,2025-06-19 09:45:54,GOOGL,2825.08,460,sell,NASDAQ
tx_0009196,2025-06-19 09:45:57,ADBE,596.77,702,buy,NASDAQ
tx_0005058,2025-06-19 09:45:59,DIS,177.87,881,sell,NYSE
tx_0005586,2025-06-19 09:46:07,TSLA,699.67,578,buy,NASDAQ
tx_0008058,2025-06-19 09:46:11,FB,335.64,389,sell,NASDAQ
tx_0007062,2025-06-19 09:46:19,KO,55.4,482,sell,NYSE
tx_0008235,2025-06-19 09:46:24,TSLA,703.06,742,sell,NASDAQ
tx_0003409,2025-06-19 09:46:25,PEP,,547,buy,NYSE
tx_0009449,2025-06-19 09:46:25,GOOGL,2786.19,454,buy,NASDAQ
tx_0002554,2025-06-19 09:46:30,PYPL,248.39,952,sell,NASDAQ
tx_0000068,2025-06-19 09:46:32,V,221.84,175,sell,NYSE
tx_0000095,2025-06-19 09:46:39,PEP,148.64,350,buy,NYSE
tx_0003357,2025-06-19 09:46:40,MSFT,302.55,293,sell,NASDAQ
tx_0004324,2025-06-19 09:46:40,FB,336.64,535,sell,NASDAQ
tx_0003514,2025-06-19 09:46:41,WMT,141.56,882,buy,NYSE
tx_0007161,2025-06-19 09:46:41,JNJ,172.46,364,sell,NYSE
tx_0006093,2025-06-19 09:46:42,MCD,247.65,251,sell,NYSE
tx_0000115,2025-06-19 09:46:42,AAPL,,732,buy,NASDAQ
tx_0009815,2025-06-19 09:46:43,BRK.B,283.27,166,sell,NYSE
tx_0005251,2025-06-19 09:46:48,JNJ,173.64,913,buy,NYSE
tx_0007389,2025-06-19 09:46:49,GOOGL,2826.12,738,sell,NASDAQ
tx_0006961,2025-06-19 09:46:50,AAPL,,873,buy,NASDAQ
tx_0003017,2025-06-19 09:46:50,PEP,148.27,662,buy,NYSE
tx_0002620,2025-06-19 09:46:52,PEP,148.76,264,sell,NYSE
tx_0008460,2025-06-19 09:46:54,AMZN,3565.54,574,sell,NASDAQ
tx_0001278,2025-06-19 09:46:55,GOOGL,2802.63,702,sell,NASDAQ
tx_0006520,2025-06-19 09:46:56,MA,343.63,386,buy,NYSE
tx_0002374,2025-06-19 09:46:59,FB,334.63,414,sell,NASDAQ
tx_0004019,2025-06-19 09:47:00,WMT,141.23,438,sell,NYSE
tx_0006551,2025-06-19 09:47:02,V,222.25,968,buy,NYSE
tx_0006528,2025-06-19 09:47:03,TSLA,694.16,248,sell,NASDAQ
tx_0008599,2025-06-19 09:47:04,DIS,179.94,487,sell,NYSE
tx_0003040,2025-06-19 09:47:09,ADBE,600.29,923,sell,NASDAQ
tx_0002252,2025-06-19 09:47:12,TSLA,691.13,278,buy,NASDAQ
tx_0008645,2025-06-19 09:47:15,DIS,179.11,150,buy,NYSE
tx_0000011,2025-06-19 09:47:18,MCD,249.66,498,buy,NYSE
tx_0008254,2025-06-19 09:47:20,BRK.B,284.39,594,buy,NYSE
tx_0009669,2025-06-19 09:47:23,PYPL,250.27,639,buy,NASDAQ
tx_0005465,2025-06-19 09:47:24,KO,55.06,362,buy,NYSE
tx_0006571,2025-06-19 09:47:25,NVDA,199.42,493,buy,NASDAQ
tx_0007207,2025-06-19 09:47:25,BRK.B,281.3,585,sell,NYSE
tx_0004298,2025-06-19 09:47:31,NFLX,499.81,265,sell,NASDAQ
tx_0000267,2025-06-19 09:47:39,BRK.B,281.32,740,sell,NYSE
tx_0006416,2025-06-19 09:47:40,NFLX,492.61,695,sell,NASDAQ
tx_0002924,2025-06-19 09:47:40,AMZN,,604,sell,NASDAQ
tx_0000276,2025-06-19 09:47:43,AAPL,148.19,426,sell,NASDAQ
tx_0003259,2025-06-19 09:47:44,JNJ,172.91,799,buy,NYSE
tx_0005235,2025-06-19 09:47:46,MCD,250.93,308,buy,NYSE
tx_0008669,2025-06-19 09:47:48,TSLA,703.39,143,buy,NASDAQ
tx_0006271,2025-06-19 09:47:49,NVDA,199.54,607,buy,NASDAQ
tx_0002981,2025-06-19 09:47:50,PYPL,247.64,472,sell,NASDAQ
tx_0008245,2025-06-19 09:47:51,ADBE,592.12,691,buy,NASDAQ
tx_0008169,2025-06-19 09:47:55,TSLA,702.33,301,buy,NASDAQ
tx_0000253,2025-06-19 09:47:57,MA,343.45,561,sell,NYSE
tx_0004486,2025-06-19 09:47:58,NFLX,497.46,135,buy,NASDAQ
tx_0000500,2025-06-19 09:48:06,AMZN,3558.51,870,buy,NASDAQ
tx_0003502,2025-06-19 09:48:06,PG,133.51,991,buy,NYSE
tx_0000599,2025-06-19 09:48:15,NVDA,201.39,172,buy,NASDAQ
tx_0003390,2025-06-19 09:48:16,WMT,141.32,640,buy,NYSE
tx_0008442,2025-06-19 09:48:19,BRK.B,281.55,287,sell,NYSE
tx_0002681,2025-06-19 09:48:23,NVDA,200.96,847,sell,NASDAQ
tx_0007090,2025-06-19 09:48:24,NVDA,200.97,426,buy,NASDAQ
tx_0009741,2025-06-19 09:48:25,PEP,146.68,128,sell,NYSE
tx_0006541,2025-06-19 09:48:26,MCD,252.3,610,sell,NYSE
tx_0009042,2025-06-19 09:48:28,TSLA,696.24,385,buy,NASDAQ
tx_0003809,2025-06-19 09:48:28,MA,342.68,363,sell,NYSE
tx_0006802,2025-06-19 09:48:29,MA,341.55,876,buy,NYSE
tx_0004050,2025-06-19 09:48:33,AAPL,149.09,660,sell,NASDAQ
tx_0004760,2025-06-19 09:48:36,FB,338.86,776,buy,NASDAQ
tx_0007657,2025-06-19 09:48:36,MCD,249.74,733,sell,NYSE
tx_0008233,2025-06-19 09:48:39,NFLX,494.78,254,sell,NASDAQ
tx_0006469,2025-06-19 09:48:41,PEP,148.15,948,sell,NYSE
tx_0002934,2025-06-19 09:48:46,WMT,140.85,299,sell,NYSE
tx_0002665,2025-06-19 09:48:46,PYPL,250.71,172,,NASDAQ
tx_0004736,2025-06-19 09:48:47,AMZN,3584.25,828,sell,NASDAQ
tx_0006769,2025-06-19 09:48:47,DIS,177.21,955,sell,NYSE
tx_0009963,2025-06-19 09:48:52,FB,335.19,454,sell,NASDAQ
tx_0005383,2025-06-19 09:48:53,DIS,178.29,739,buy,NYSE
tx_0003969,2025-06-19 09:48:53,GOOGL,2803.51,545,sell,NASDAQ
tx_0005258,2025-06-19 09:48:54,ADBE,594.88,641,buy,NASDAQ
tx_0003261,2025-06-19 09:48:56,ADBE,597.82,502,buy,NASDAQ
tx_0005577,2025-06-19 09:48:58,TSLA,702.05,393,buy,NASDAQ
tx_0000799,2025-06-19 09:48:59,MSFT,302.88,111,buy,NASDAQ
tx_0000863,2025-06-19 09:48:59,FB,334.63,548,sell,NASDAQ
tx_0009451,2025-06-19 09:49:02,AMZN,3574.6,856,buy,NASDAQ
tx_0005668,2025-06-19 09:49:06,NVDA,197.34,663,sell,NASDAQ
tx_0004669,2025-06-19 09:49:12,ADBE,595.12,147,buy,NASDAQ
tx_0009532,2025-06-19 09:49:16,BRK.B,285.77,140,sell,NYSE
tx_0000953,2025-06-19 09:49:20,V,221.65,996,buy,NYSE
tx_0000809,2025-06-19 09:49:23,AMZN,3531.27,440,sell,NASDAQ
tx_0002381,2025-06-19 09:49:25,GOOGL,2812.57,260,buy,NASDAQ
tx_0003981,2025-06-19 09:49:25,FB,336.16,644,buy,NASDAQ
tx_0009356,2025-06-19 09:49:28,MSFT,299.64,323,sell,NASDAQ
tx_0004058,2025-06-19 09:49:28,DIS,178.0,700,buy,NYSE
tx_0009673,2025-06-19 09:49:28,MCD,249.86,318,buy,NYSE
tx_0001736,2025-06-19 09:49:31,PEP,148.95,247,buy,NYSE
tx_0001737,2025-06-19 09:49:32,MCD,246.89,861,buy,NYSE
tx_0004307,2025-06-19 09:49:33,FB,333.06,573,sell,NASDAQ
tx_0007783,2025-06-19 09:49:37,V,219.02,920,sell,NYSE
tx_0008846,2025-06-19 09:49:39,NFLX,497.27,776,sell,NASDAQ
tx_0006181,2025-06-19 09:49:41,KO,54.88,758,buy,NYSE
tx_0006815,2025-06-19 09:49:45,ADBE,596.63,218,buy,NASDAQ
tx_0004091,2025-06-19 09:49:46,MCD,250.32,211,sell,NYSE
tx_0001986,2025-06-19 09:49:55,NFLX,499.37,977,buy,NASDAQ
tx_0007985,2025-06-19 09:49:55,DIS,179.71,957,buy,NYSE
tx_0003760,2025-06-19 09:49:57,ADBE,597.92,422,,NASDAQ
tx_0007522,2025-06-19 09:49:58,DIS,176.81,587,sell,NYSE
tx_0006189,2025-06-19 09:50:04,MCD,247.28,646,sell,NYSE
tx_0009238,2025-06-19 09:50:05,MSFT,304.26,890,sell,NASDAQ
tx_0001171,2025-06-19 09:50:05,GOOGL,2846.76,999,sell,NASDAQ
tx_0000102,2025-06-19 09:50:08,AMZN,3597.11,807,buy,NASDAQ
tx_0002431,2025-06-19 09:50:10,TSLA,699.06,473,sell,NASDAQ
tx_0007429,2025-06-19 09:50:12,DIS,179.21,723,buy,NYSE
tx_0000337,2025-06-19 09:50:17,MSFT,305.9,713,buy,NASDAQ
tx_0007833,2025-06-19 09:50:18,MSFT,304.51,829,buy,NASDAQ
tx_0002517,2025-06-19 09:50:26,NVDA,200.78,429,sell,NASDAQ
tx_0003279,2025-06-19 09:50:29,BRK.B,281.88,201,buy,NYSE
tx_0009409,2025-06-19 09:50:30,MCD,246.96,730,sell,NYSE
tx_0002245,2025-06-19 09:50:34,AAPL,147.8,219,sell,NASDAQ
tx_0005103,2025-06-19 09:50:36,MSFT,306.19,786,buy,NASDAQ
tx_0000205,2025-06-19 09:50:42,PG,135.46,539,sell,NYSE
tx_0003064,2025-06-19 09:50:42,V,221.4,888,sell,NYSE
tx_0008121,2025-06-19 09:50:45,MSFT,304.77,195,buy,NASDAQ
tx_0008962,2025-06-19 09:50:51,NVDA,201.41,350,buy,NASDAQ
tx_0001054,2025-06-19 09:50:56,AAPL,150.31,231,sell,NASDAQ
tx_0005397,2025-06-19 09:50:56,FB,335.14,363,buy,
tx_0008078,2025-06-19 09:50:57,PEP,146.48,417,buy,NYSE
tx_0000694,2025-06-19 09:51:02,GOOGL,2839.84,435,buy,NASDAQ
tx_0009801,2025-06-19 09:51:04,BRK.B,282.91,914,buy,NYSE
tx_0009326,2025-06-19 09:51:07,PEP,146.48,671,sell,NYSE
tx_0005124,2025-06-19 09:51:12,AAPL,148.93,906,sell,NASDAQ
tx_0009660,2025-06-19 09:51:15,MCD,250.19,581,sell,NYSE
tx_0005249,2025-06-19 09:51:16,MSFT,304.22,735,buy,NASDAQ
tx_0009720,2025-06-19 09:51:18,KO,55.19,439,sell,NYSE
tx_0002584,2025-06-19 09:51:21,KO,55.13,622,sell,NYSE
tx_0000438,2025-06-19 09:51:23,GOOGL,2843.55,237,buy,NASDAQ
tx_0006628,2025-06-19 09:51:26,PG,133.94,853,buy,NYSE
tx_0001760,2025-06-19 09:51:30,PYPL,249.71,319,buy,NASDAQ
tx_0004576,2025-06-19 09:51:30,MCD,251.64,627,sell,NYSE
tx_0000777,2025-06-19 09:51:30,ADBE,593.68,671,buy,NASDAQ
tx_0005856,2025-06-19 09:51:31,ADBE,592.88,676,sell,NASDAQ
tx_0001057,2025-06-19 09:51:31,DIS,175.4,247,buy,NYSE
tx_0007709,2025-06-19 09:51:31,BRK.B,284.17,335,buy,NYSE
tx_0001940,2025-06-19 09:51:32,WMT,141.22,915,sell,NYSE
tx_0000427,2025-06-19 09:51:38,MCD,247.35,442,buy,NYSE
tx_0001299,2025-06-19 09:51:40,PG,134.07,239,buy,NYSE
tx_0005929,2025-06-19 09:51:47,GOOGL,2823.15,699,buy,NASDAQ
tx_0007944,2025-06-19 09:51:48,TSLA,697.25,259,sell,NASDAQ
tx_0004255,2025-06-19 09:51:49,FB,331.93,861,sell,NASDAQ
tx_0008677,2025-06-19 09:51:53,PEP,148.1,912,sell,NYSE
tx_0009738,2025-06-19 09:51:58,AMZN,3524.43,501,sell,NASDAQ
tx_0005134,2025-06-19 09:51:59,MCD,249.33,153,sell,NYSE
tx_0009038,2025-06-19 09:52:02,KO,54.94,355,sell,NYSE
tx_0009667,2025-06-19 09:52:02,ADBE,592.14,780,sell,NASDAQ
tx_0009217,2025-06-19 09:52:02,ADBE,597.56,832,buy,NASDAQ
tx_0001764,2025-06-19 09:52:11,AMZN,3561.66,660,buy,NASDAQ
tx_0000474,2025-06-19 09:52:14,NVDA,198.5,309,sell,NASDAQ
tx_0004175,2025-06-19 09:52:16,BRK.B,280.57,333,sell,NYSE
tx_0003035,2025-06-19 09:52:16,WMT,140.53,695,buy,NYSE
tx_0009518,2025-06-19 09:52:16,TSLA,691.63,415,buy,NASDAQ
tx_0000401,2025-06-19 09:52:18,MCD,248.88,253,buy,NYSE
tx_0005066,2025-06-19 09:52:19,PYPL,247.82,200,buy,NASDAQ
tx_0009071,2025-06-19 09:52:20,DIS,177.59,362,sell,NYSE
tx_0004346,2025-06-19 09:52:20,KO,54.91,495,buy,NYSE
tx_0007103,2025-06-19 09:52:22,MCD,250.95,469,buy,NYSE
tx_0009386,2025-06-19 09:52:26,ADBE,597.19,895,sell,NASDAQ
tx_0000593,2025-06-19 09:52:28,MCD,247.46,764,buy,NYSE
tx_0002792,2025-06-19 09:52:34,JNJ,170.43,489,buy,NYSE
tx_0003219,2025-06-19 09:52:38,KO,54.9,500,sell,NYSE
tx_0000485,2025-06-19 09:52:42,BRK.B,281.15,384,sell,NYSE
tx_0000416,2025-06-19 09:52:47,NFLX,498.17,264,buy,NASDAQ
tx_0000085,2025-06-19 09:52:47,PG,134.8,482,sell,NYSE
tx_0007335,2025-06-19 09:52:50,MCD,245.35,444,buy,NYSE
tx_0000638,2025-06-19 09:52:50,V,218.04,639,buy,NYSE
tx_0003320,2025-06-19 09:52:55,MSFT,305.12,424,buy,NASDAQ
tx_0006554,2025-06-19 09:52:56,PYPL,249.86,263,buy,NASDAQ
tx_0008626,2025-06-19 09:52:59,PEP,146.33,740,buy,NYSE
tx_0001131,2025-06-19 09:52:59,PEP,146.74,382,buy,NYSE
tx_0009414,2025-06-19 09:53:02,V,218.94,222,buy,NYSE
tx_0001733,2025-06-19 09:53:03,BRK.B,281.16,933,sell,NYSE
tx_0000602,2025-06-19 09:53:04,NVDA,200.78,183,buy,NASDAQ
tx_0003403,2025-06-19 09:53:11,V,217.65,773,buy,NYSE
tx_0008278,2025-06-19 09:53:12,PYPL,248.46,256,buy,NASDAQ
tx_0008903,2025-06-19 09:53:16,GOOGL,2850.54,671,buy,NASDAQ
tx_0009870,2025-06-19 09:53:16,FB,330.56,175,buy,NASDAQ
tx_0002553,2025-06-19 09:53:18,NFLX,498.68,108,sell,NASDAQ
tx_0002091,2025-06-19 09:53:19,PYPL,247.27,809,sell,NASDAQ
tx_0003262,2025-06-19 09:53:19,MA,343.12,164,sell,NYSE
tx_0000170,2025-06-19 09:53:20,NVDA,199.84,467,sell,NASDAQ
tx_0004464,2025-06-19 09:53:21,MCD,245.14,122,buy,NYSE
tx_0007601,2025-06-19 09:53:22,DIS,176.19,498,sell,NYSE
tx_0009789,2025-06-19 09:53:23,V,218.6,453,sell,NYSE
tx_0000919,2025-06-19 09:53:24,V,219.09,967,sell,NYSE
tx_0001687,2025-06-19 09:53:27,PEP,147.63,187,buy,NYSE
tx_0005158,2025-06-19 09:53:28,PG,133.02,531,sell,NYSE
tx_0007687,2025-06-19 09:53:28,PEP,146.25,664,sell,NYSE
tx_0006659,2025-06-19 09:53:30,GOOGL,2823.16,519,buy,NASDAQ
tx_0001887,2025-06-19 09:53:32,PEP,146.31,746,sell,NYSE
tx_0007540,2025-06-19 09:53:33,FB,332.39,637,buy,NASDAQ
tx_0004562,2025-06-19 09:53:33,AAPL,150.84,640,sell,NASDAQ
tx_0006934,2025-06-19 09:53:35,PG,134.35,912,buy,NYSE
tx_0006578,2025-06-19 09:53:38,BRK.B,281.36,578,sell,NYSE
tx_0005173,2025-06-19 09:53:44,NFLX,498.55,350,buy,NASDAQ
tx_0006855,2025-06-19 09:53:44,GOOGL,2812.92,302,sell,NASDAQ
tx_0004961,2025-06-19 09:53:45,KO,54.48,793,sell,NYSE
tx_0006899,2025-06-19 09:53:46,PEP,145.96,548,sell,NYSE
tx_0000944,2025-06-19 09:53:49,PYPL,250.79,980,sell,NASDAQ
tx_0009029,2025-06-19 09:53:57,FB,334.89,303,sell,NASDAQ
tx_0000793,2025-06-19 09:53:57,DIS,176.69,811,buy,NYSE
tx_0001334,2025-06-19 09:53:57,JNJ,171.66,713,sell,NYSE
tx_0000478,2025-06-19 09:53:59,V,219.21,846,sell,NYSE
tx_0001574,2025-06-19 09:54:01,MSFT,305.82,146,buy,NASDAQ
tx_0002588,2025-06-19 09:54:04,WMT,139.7,230,sell,NYSE
tx_0003687,2025-06-19 09:54:13,NFLX,496.68,813,buy,NASDAQ
tx_0008822,2025-06-19 09:54:15,NFLX,491.88,813,buy,NASDAQ
tx_0008662,2025-06-19 09:54:17,NFLX,499.02,453,sell,NASDAQ
tx_0004034,2025-06-19 09:54:24,FB,334.02,764,sell,NASDAQ
tx_0000224,2025-06-19 09:54:24,ADBE,600.23,139,buy,NASDAQ
tx_0008542,2025-06-19 09:54:25,MCD,249.68,386,buy,NYSE
tx_0001099,2025-06-19 09:54:26,TSLA,694.15,182,buy,NASDAQ
tx_0003474,2025-06-19 09:54:27,ADBE,599.69,247,buy,NASDAQ
tx_0000665,2025-06-19 09:54:31,TSLA,687.22,468,sell,NASDAQ
tx_0002994,2025-06-19 09:54:32,MCD,247.11,815,sell,NYSE
tx_0001875,2025-06-19 09:54:38,FB,338.13,926,sell,NASDAQ
tx_0002737,2025-06-19 09:54:39,JNJ,173.03,299,buy,NYSE
tx_0000679,2025-06-19 09:54:41,V,219.0,452,sell,NYSE
tx_0008315,2025-06-19 09:54:44,FB,333.67,968,buy,NASDAQ
tx_0002970,2025-06-19 09:54:45,DIS,175.75,481,sell,NYSE
tx_0004445,2025-06-19 09:54:45,TSLA,685.08,190,buy,NASDAQ
tx_0009645,2025-06-19 09:54:48,V,219.37,417,sell,NYSE
tx_0006536,2025-06-19 09:54:50,WMT,138.68,685,buy,NYSE
tx_0008754,2025-06-19 09:54:54,MSFT,304.25,890,sell,NASDAQ
tx_0004468,2025-06-19 09:54:59,ADBE,590.65,195,sell,NASDAQ
tx_0005745,2025-06-19 09:55:00,MA,338.17,563,buy,NYSE
tx_0009173,2025-06-19 09:55:02,V,218.39,875,buy,NYSE
tx_0007528,2025-06-19 09:55:05,KO,54.99,219,buy,NYSE
tx_0002384,2025-06-19 09:55:08,ADBE,595.5,567,sell,NASDAQ
tx_0007979,2025-06-19 09:55:12,ADBE,593.63,333,buy,NASDAQ
tx_0009833,2025-06-19 09:55:13,WMT,138.68,177,buy,NYSE
tx_0008950,2025-06-19 09:55:16,ADBE,588.57,811,sell,NASDAQ
tx_0005819,2025-06-19 09:55:18,PEP,147.25,848,buy,NYSE
tx_0003353,2025-06-19 09:55:18,MSFT,307.44,765,buy,NASDAQ
tx_0002618,2025-06-19 09:55:21,AMZN,3601.38,337,buy,NASDAQ
tx_0002982,2025-06-19 09:55:33,AAPL,149.6,781,buy,NASDAQ
tx_0002651,2025-06-19 09:55:34,MA,345.07,431,sell,NYSE
tx_0001059,2025-06-19 09:55:35,NFLX,496.1,721,buy,NASDAQ
tx_0006794,2025-06-19 09:55:35,NFLX,495.34,796,sell,NASDAQ
tx_0003540,2025-06-19 09:55:43,KO,54.95,309,buy,NYSE
tx_0008398,2025-06-19 09:55:44,MCD,249.2,583,sell,NYSE
tx_0006026,2025-06-19 09:55:44,KO,55.16,464,buy,NYSE
tx_0007281,2025-06-19 09:55:46,NFLX,494.07,974,buy,NASDAQ
tx_0007311,2025-06-19 09:55:53,BRK.B,279.55,875,sell,NYSE
tx_0002121,2025-06-19 09:55:58,AMZN,3559.76,351,buy,NASDAQ
tx_0001415,2025-06-19 09:56:01,PG,132.93,738,buy,NYSE
tx_0000877,2025-06-19 09:56:03,PEP,146.02,888,buy,NYSE
tx_0007845,2025-06-19 09:56:03,NFLX,492.14,896,sell,NASDAQ
tx_0006832,2025-06-19 09:56:04,AAPL,150.43,275,sell,NASDAQ
tx_0008410,2025-06-19 09:56:05,ADBE,596.7,999,buy,NASDAQ
tx_0007965,2025-06-19 09:56:11,PYPL,250.72,830,buy,NASDAQ
tx_0001502,2025-06-19 09:56:12,MA,342.66,571,sell,NYSE
tx_0006724,2025-06-19 09:56:16,NFLX,497.42,199,buy,NASDAQ
tx_0002862,2025-06-19 09:56:20,BRK.B,280.47,644,buy,NYSE
tx_0003054,2025-06-19 09:56:23,MSFT,307.34,496,buy,NASDAQ
tx_0003067,2025-06-19 09:56:27,KO,,962,buy,NYSE
tx_0002917,2025-06-19 09:56:28,FB,338.47,181,buy,NASDAQ
tx_0007358,2025-06-19 09:56:29,FB,338.78,297,sell,NASDAQ
tx_0009937,2025-06-19 09:56:29,TSLA,683.04,528,buy,NASDAQ
tx_0004112,2025-06-19 09:56:36,DIS,178.26,105,sell,NYSE
tx_0002419,2025-06-19 09:56:38,FB,339.63,491,buy,NASDAQ
tx_0003291,2025-06-19 09:56:39,TSLA,677.46,198,buy,NASDAQ
tx_0003615,2025-06-19 09:56:39,WMT,138.4,616,buy,NYSE
tx_0002754,2025-06-19 09:56:40,NVDA,202.2,501,buy,NASDAQ
tx_0008412,2025-06-19 09:56:43,PEP,147.85,946,,NYSE
tx_0002914,2025-06-19 09:56:48,TSLA,681.37,888,buy,NASDAQ
tx_0003506,2025-06-19 09:56:49,DIS,178.25,953,sell,NYSE
tx_0009181,2025-06-19 09:56:54,MCD,247.58,849,sell,NYSE
tx_0000061,2025-06-19 09:56:54,PYPL,247.79,820,buy,NASDAQ
tx_0002686,2025-06-19 09:56:54,GOOGL,,588,buy,NASDAQ
tx_0000732,2025-06-19 09:56:56,JNJ,,387,buy,NYSE
tx_0009613,2025-06-19 09:57:00,PG,133.9,527,sell,NYSE
tx_0002045,2025-06-19 09:57:02,V,218.82,851,sell,NYSE
tx_0005625,2025-06-19 09:57:12,AMZN,3566.31,716,sell,NASDAQ
tx_0009524,2025-06-19 09:57:15,MCD,247.15,850,sell,NYSE
tx_0001150,2025-06-19 09:57:17,V,220.7,296,sell,NYSE
tx_0007033,2025-06-19 09:57:18,V,221.05,674,buy,NYSE
tx_0003646,2025-06-19 09:57:19,JNJ,173.68,107,sell,NYSE
tx_0009714,2025-06-19 09:57:23,NFLX,496.73,735,sell,NASDAQ
tx_0005647,2025-06-19 09:57:24,AAPL,149.29,493,sell,NASDAQ
tx_0000193,2025-06-19 09:57:26,NVDA,202.33,820,buy,NASDAQ
tx_0006475,2025-06-19 09:57:26,AMZN,3570.66,392,buy,NASDAQ
tx_0004883,2025-06-19 09:57:28,MA,339.79,944,buy,NYSE
tx_0005069,2025-06-19 09:57:28,V,219.58,825,sell,NYSE
tx_0000860,2025-06-19 09:57:29,FB,339.04,869,sell,NASDAQ
tx_0003937,2025-06-19 09:57:35,WMT,140.68,993,buy,NYSE
tx_0002038,2025-06-19 09:57:37,PG,134.48,498,buy,NYSE
tx_0006437,2025-06-19 09:57:46,GOOGL,2831.91,152,sell,NASDAQ
tx_0004603,2025-06-19 09:57:48,ADBE,591.16,131,buy,NASDAQ
tx_0006255,2025-06-19 09:57:48,MCD,251.51,196,sell,NYSE
tx_0006132,2025-06-19 09:57:53,TSLA,684.4,953,buy,NASDAQ
tx_0007916,2025-06-19 09:58:02,GOOGL,2822.53,187,sell,NASDAQ
tx_0000565,2025-06-19 09:58:04,DIS,175.92,756,buy,NYSE
tx_0000637,2025-06-19 09:58:05,TSLA,689.43,958,buy,NASDAQ
tx_0001714,2025-06-19 09:58:09,MSFT,309.85,703,buy,NASDAQ
tx_0001161,2025-06-19 09:58:11,PG,134.6,243,buy,NYSE
tx_0000607,2025-06-19 09:58:14,GOOGL,2828.29,569,buy,
tx_0008127,2025-06-19 09:58:17,MA,345.81,393,sell,NYSE
tx_0001247,2025-06-19 09:58:17,JNJ,172.73,841,sell,NYSE
tx_0005585,2025-06-19 09:58:18,PEP,148.66,130,buy,NYSE
tx_0009027,2025-06-19 09:58:18,AAPL,150.61,327,buy,NASDAQ
tx_0000345,2025-06-19 09:58:19,NVDA,203.09,547,sell,NASDAQ
tx_0004239,2025-06-19 09:58:19,AAPL,149.27,253,buy,NASDAQ
tx_0003180,2025-06-19 09:58:20,KO,55.44,672,buy,NYSE
tx_0003698,2025-06-19 09:58:27,PG,133.38,457,sell,NYSE
tx_0003183,2025-06-19 09:58:31,AAPL,150.54,919,buy,NASDAQ
tx_0000804,2025-06-19 09:58:32,TSLA,691.64,513,sell,NASDAQ
tx_0009646,2025-06-19 09:58:37,KO,55.3,831,buy,NYSE
tx_0002774,2025-06-19 09:58:39,TSLA,682.11,724,sell,NASDAQ
tx_0001911,2025-06-19 09:58:41,NVDA,200.17,756,sell,NASDAQ
tx_0007656,2025-06-19 09:58:43,V,220.04,689,sell,NYSE
tx_0004374,2025-06-19 09:58:44,V,219.26,504,sell,NYSE
tx_0005482,2025-06-19 09:58:45,NFLX,505.27,462,sell,NASDAQ
tx_0005154,2025-06-19 09:58:47,TSLA,692.75,337,buy,NASDAQ
tx_0005737,2025-06-19 09:58:50,JNJ,173.37,751,buy,NYSE
tx_0004572,2025-06-19 09:58:52,PYPL,249.93,607,buy,NASDAQ
tx_0005072,2025-06-19 09:58:52,PEP,148.19,543,sell,NYSE
tx_0002226,2025-06-19 09:58:54,NVDA,200.91,433,buy,NASDAQ
tx_0002409,2025-06-19 09:58:55,FB,337.13,809,buy,NASDAQ
tx_0007826,2025-06-19 09:58:58,NFLX,496.5,970,buy,NASDAQ
tx_0002756,2025-06-19 09:59:00,DIS,177.26,729,sell,NYSE
tx_0000551,2025-06-19 09:59:00,JNJ,174.39,240,buy,NYSE
tx_0004329,2025-06-19 09:59:01,MCD,251.29,918,sell,NYSE
tx_0000363,2025-06-19 09:59:03,PYPL,247.33,240,buy,NASDAQ
tx_0008165,2025-06-19 09:59:06,KO,54.73,789,sell,NYSE
tx_0000246,2025-06-19 09:59:08,PYPL,249.78,849,sell,NASDAQ
tx_0008739,2025-06-19 09:59:08,MA,341.53,110,buy,
tx_0004195,2025-06-19 09:59:09,MA,344.19,982,sell,NYSE
tx_0001364,2025-06-19 09:59:11,MA,343.68,818,sell,NYSE
tx_0003252,2025-06-19 09:59:12,JNJ,171.44,923,sell,NYSE
tx_0008102,2025-06-19 09:59:15,FB,334.47,966,sell,NASDAQ
tx_0001338,2025-06-19 09:59:16,KO,54.76,655,sell,NYSE
tx_0001014,2025-06-19 09:59:16,AAPL,149.14,573,buy,NASDAQ
tx_0000141,2025-06-19 09:59:22,MCD,250.4,796,sell,NYSE
tx_0006458,2025-06-19 09:59:23,NVDA,200.82,851,sell,NASDAQ
tx_0009149,2025-06-19 09:59:30,WMT,140.65,557,sell,NYSE
tx_0006692,2025-06-19 09:59:31,NFLX,497.41,934,buy,NASDAQ
tx_0000695,2025-06-19 09:59:32,JNJ,173.34,220,buy,NYSE
tx_0001009,2025-06-19 09:59:34,GOOGL,2845.95,410,sell,NASDAQ
tx_0001702,2025-06-19 09:59:36,AAPL,150.39,160,sell,NASDAQ
tx_0004946,2025-06-19 09:59:41,NFLX,501.75,116,sell,NASDAQ
tx_0006464,2025-06-19 09:59:43,AMZN,3559.98,956,sell,NASDAQ
tx_0007365,2025-06-19 09:59:45,MCD,248.18,963,sell,
tx_0006236,2025-06-19 09:59:47,TSLA,679.16,471,buy,NASDAQ
tx_0006818,2025-06-19 09:59:49,JNJ,173.44,331,sell,NYSE
tx_0005108,2025-06-19 09:59:51,KO,55.14,812,sell,NYSE
tx_0002148,2025-06-19 09:59:53,PYPL,249.8,455,buy,NASDAQ
tx_0004732,2025-06-19 09:59:56,MA,339.1,244,sell,NYSE
tx_0003010,2025-06-19 09:59:57,KO,54.64,801,sell,NYSE
tx_0008667,2025-06-19 09:59:57,NFLX,499.97,584,buy,NASDAQ
tx_0008107,2025-06-19 09:59:59,DIS,176.34,944,sell,NYSE
tx_0006253,2025-06-19 10:00:01,AAPL,149.49,727,buy,NASDAQ
tx_0008916,2025-06-19 10:00:03,MSFT,307.41,584,sell,NASDAQ
tx_0002071,2025-06-19 10:00:07,TSLA,685.4,994,sell,NASDAQ
tx_0008279,2025-06-19 10:00:09,AMZN,3606.47,974,sell,NASDAQ
tx_0007030,2025-06-19 10:00:10,PYPL,246.14,223,sell,NASDAQ
tx_0005926,2025-06-19 10:00:12,WMT,139.62,688,sell,NYSE
tx_0006108,2025-06-19 10:00:13,BRK.B,280.42,422,buy,NYSE
tx_0007750,2025-06-19 10:00:14,AMZN,3616.62,792,buy,NASDAQ
tx_0001607,2025-06-19 10:00:16,DIS,177.8,840,buy,NYSE
tx_0004746,2025-06-19 10:00:17,NVDA,200.34,330,sell,NASDAQ
tx_0004039,2025-06-19 10:00:18,FB,335.24,308,sell,NASDAQ
tx_0007324,2025-06-19 10:00:20,GOOGL,2840.37,285,buy,NASDAQ
tx_0007016,2025-06-19 10:00:22,WMT,138.8,857,sell,NYSE
tx_0009813,2025-06-19 10:00:24,MSFT,307.46,335,buy,NASDAQ
tx_0001394,2025-06-19 10:00:24,AMZN,3615.09,489,sell,NASDAQ
tx_0004981,2025-06-19 10:00:26,BRK.B,281.21,101,sell,NYSE
tx_0002887,2025-06-19 10:00:27,GOOGL,,241,buy,NASDAQ
tx_0000479,2025-06-19 10:00:33,FB,334.96,474,sell,NASDAQ
tx_0009948,2025-06-19 10:00:38,WMT,140.54,728,sell,NYSE
tx_0009565,2025-06-19 10:00:39,AAPL,148.87,820,buy,NASDAQ
tx_0008480,2025-06-19 10:00:39,V,218.16,848,sell,NYSE
tx_0002898,2025-06-19 10:00:39,PYPL,250.66,277,buy,NASDAQ
tx_0005845,2025-06-19 10:00:44,PYPL,250.64,302,buy,NASDAQ
tx_0000792,2025-06-19 10:00:45,KO,55.28,709,buy,NYSE
tx_0004449,2025-06-19 10:00:46,TSLA,690.49,307,sell,NASDAQ
tx_0003060,2025-06-19 10:00:47,DIS,178.88,907,sell,NYSE
tx_0005829,2025-06-19 10:00:48,WMT,140.53,830,sell,NYSE
tx_0005841,2025-06-19 10:00:49,PG,134.5,475,buy,NYSE
tx_0002083,2025-06-19 10:00:55,ADBE,592.1,414,buy,NASDAQ
tx_0005613,2025-06-19 10:00:55,WMT,139.52,903,buy,NYSE
tx_0004544,2025-06-19 10:00:56,MA,343.76,335,sell,NYSE
tx_0005991,2025-06-19 10:01:00,AMZN,3620.57,941,sell,NASDAQ
tx_0006972,2025-06-19 10:01:06,PYPL,247.75,570,buy,NASDAQ
tx_0008606,2025-06-19 10:01:08,FB,337.65,472,buy,NASDAQ
tx_0000567,2025-06-19 10:01:13,KO,55.48,418,buy,NYSE
tx_0009068,2025-06-19 10:01:14,WMT,140.73,925,buy,NYSE
tx_0000258,2025-06-19 10:01:16,KO,54.52,845,sell,NYSE
tx_0003589,2025-06-19 10:01:23,GOOGL,2823.24,913,sell,NASDAQ
tx_0005152,2025-06-19 10:01:25,MCD,,100,buy,
tx_0009467,2025-06-19 10:01:34,MA,344.39,187,sell,NYSE
tx_0000055,2025-06-19 10:01:35,BRK.B,279.45,656,buy,NYSE
tx_0007288,2025-06-19 10:01:38,JNJ,170.11,303,sell,NYSE
tx_0001734,2025-06-19 10:01:38,GOOGL,2872.08,144,buy,NASDAQ
tx_0001310,2025-06-19 10:01:39,GOOGL,,950,sell,NASDAQ
tx_0006985,2025-06-19 10:01:40,GOOGL,2832.16,497,buy,NASDAQ
tx_0006612,2025-06-19 10:01:41,FB,338.24,501,sell,NASDAQ
tx_0001589,2025-06-19 10:01:42,BRK.B,282.69,295,buy,NYSE
tx_0002480,2025-06-19 10:01:44,MSFT,306.97,459,buy,NASDAQ
tx_0004837,2025-06-19 10:01:47,ADBE,590.1,276,sell,
tx_0005497,2025-06-19 10:01:48,V,214.71,566,buy,NYSE
tx_0001039,2025-06-19 10:01:48,WMT,140.73,280,buy,NYSE
tx_0004391,2025-06-19 10:01:51,PG,133.28,252,buy,NYSE
tx_0006165,2025-06-19 10:01:51,WMT,139.85,989,buy,NYSE
tx_0008439,2025-06-19 10:02:05,MCD,248.7,833,buy,NYSE
tx_0000076,2025-06-19 10:02:05,NVDA,204.52,381,buy,NASDAQ
tx_0000400,2025-06-19 10:02:06,MA,343.35,192,buy,NYSE
tx_0001939,2025-06-19 10:02:10,MSFT,311.02,882,sell,NASDAQ
tx_0009090,2025-06-19 10:02:10,MCD,249.63,725,sell,NYSE
tx_0008993,2025-06-19 10:02:14,V,217.52,591,buy,NYSE
tx_0007345,2025-06-19 10:02:17,V,214.66,372,buy,NYSE
tx_0005487,2025-06-19 10:02:18,ADBE,584.19,470,buy,NASDAQ
tx_0003131,2025-06-19 10:02:19,FB,337.0,759,sell,NASDAQ
tx_0000656,2025-06-19 10:02:23,TSLA,687.68,536,sell,NASDAQ
tx_0003785,2025-06-19 10:02:28,JNJ,170.31,710,buy,NYSE
tx_0009977,2025-06-19 10:02:29,MCD,248.2,344,sell,NYSE
tx_0001741,2025-06-19 10:02:30,MSFT,310.12,555,sell,NASDAQ
tx_0004047,2025-06-19 10:02:35,V,216.35,735,sell,NYSE
tx_0009178,2025-06-19 10:02:36,PEP,145.9,511,buy,NYSE
tx_0008290,2025-06-19 10:02:38,GOOGL,2819.15,726,sell,NASDAQ
tx_0000667,2025-06-19 10:02:39,DIS,177.77,833,buy,NYSE
tx_0002608,2025-06-19 10:02:43,ADBE,587.75,519,sell,NASDAQ
tx_0000692,2025-06-19 10:02:47,V,216.88,691,buy,NYSE
tx_0007925,2025-06-19 10:02:50,NFLX,503.29,665,sell,NASDAQ
tx_0001452,2025-06-19 10:02:51,MA,343.59,724,buy,NYSE
tx_0001472,2025-06-19 10:02:51,MSFT,311.34,828,buy,NASDAQ
tx_0008990,2025-06-19 10:02:54,FB,335.29,714,sell,NASDAQ
tx_0009221,2025-06-19 10:03:01,DIS,175.47,110,sell,NYSE
tx_0009366,2025-06-19 10:03:08,DIS,175.8,505,sell,NYSE
tx_0002852,2025-06-19 10:03:11,KO,54.98,479,sell,NYSE
tx_0000697,2025-06-19 10:03:14,PG,134.99,999,buy,NYSE
tx_0003426,2025-06-19 10:03:15,NVDA,204.65,436,sell,NASDAQ
tx_0001406,2025-06-19 10:03:15,NVDA,203.49,793,sell,NASDAQ
tx_0000701,2025-06-19 10:03:18,PYPL,247.92,359,sell,NASDAQ
tx_0008797,2025-06-19 10:03:20,KO,55.3,561,sell,NYSE
tx_0000331,2025-06-19 10:03:22,MSFT,307.56,958,sell,NASDAQ
tx_0005198,2025-06-19 10:03:24,TSLA,683.37,830,sell,NASDAQ
tx_0004186,2025-06-19 10:03:28,KO,55.17,459,sell,NYSE
tx_0001223,2025-06-19 10:03:31,PEP,147.71,336,buy,NYSE
tx_0003678,2025-06-19 10:03:34,KO,54.99,911,sell,NYSE
tx_0009123,2025-06-19 10:03:39,MA,345.27,943,buy,NYSE
tx_0008473,2025-06-19 10:03:40,PYPL,249.37,906,buy,NASDAQ
tx_0004988,2025-06-19 10:03:40,PEP,,664,buy,NYSE
tx_0000611,2025-06-19 10:03:41,FB,336.21,993,sell,NASDAQ
tx_0006465,2025-06-19 10:03:42,FB,336.72,989,buy,NASDAQ
tx_0006709,2025-06-19 10:03:44,ADBE,591.67,428,buy,NASDAQ
tx_0000332,2025-06-19 10:03:45,FB,341.39,853,sell,NASDAQ
tx_0006221,2025-06-19 10:03:45,NVDA,202.5,617,sell,NASDAQ
tx_0000324,2025-06-19 10:03:55,GOOGL,2853.03,832,buy,NASDAQ
tx_0003430,2025-06-19 10:03:56,PYPL,249.07,863,sell,NASDAQ
tx_0007559,2025-06-19 10:03:58,MSFT,311.91,454,sell,NASDAQ
tx_0001329,2025-06-19 10:04:01,JNJ,168.74,367,sell,NYSE
tx_0008009,2025-06-19 10:04:01,PG,134.49,782,sell,NYSE
tx_0002353,2025-06-19 10:04:04,PEP,147.34,498,buy,NYSE
tx_0000725,2025-06-19 10:04:04,AMZN,3539.61,756,sell,NASDAQ
tx_0002417,2025-06-19 10:04:05,ADBE,595.9,722,sell,NASDAQ
tx_0004670,2025-06-19 10:04:05,MSFT,310.54,622,buy,NASDAQ
tx_0008437,2025-06-19 10:04:14,KO,55.11,932,sell,NYSE
tx_0002652,2025-06-19 10:04:14,JNJ,169.79,402,sell,NYSE
tx_0003234,2025-06-19 10:04:17,KO,54.86,882,sell,NYSE
tx_0009745,2025-06-19 10:04:18,JNJ,171.9,144,buy,NYSE
tx_0009746,2025-06-19 10:04:19,V,214.09,368,buy,NYSE
tx_0009717,2025-06-19 10:04:21,ADBE,591.49,516,buy,NASDAQ
tx_0000699,2025-06-19 10:04:23,KO,54.46,512,sell,NYSE
tx_0005262,2025-06-19 10:04:25,ADBE,594.13,615,sell,NASDAQ
tx_0001695,2025-06-19 10:04:28,JNJ,170.78,848,buy,NYSE
tx_0002250,2025-06-19 10:04:29,PYPL,248.3,513,buy,NASDAQ
tx_0007410,2025-06-19 10:04:29,KO,54.52,560,sell,
tx_0001420,2025-06-19 10:04:35,PG,133.95,263,buy,NYSE
tx_0009812,2025-06-19 10:04:38,MA,347.77,483,buy,NYSE
tx_0000728,2025-06-19 10:04:43,V,213.56,522,sell,NYSE
tx_0003513,2025-06-19 10:04:44,JNJ,169.24,525,sell,NYSE
tx_0006854,2025-06-19 10:04:50,ADBE,595.27,190,buy,NASDAQ
tx_0007535,2025-06-19 10:04:52,MSFT,306.2,444,buy,NASDAQ
tx_0002851,2025-06-19 10:04:53,TSLA,692.84,924,sell,NASDAQ
tx_0006113,2025-06-19 10:04:53,PG,132.47,980,sell,NYSE
tx_0000313,2025-06-19 10:04:54,NVDA,204.4,120,buy,NASDAQ
tx_0000941,2025-06-19 10:04:54,MA,348.53,829,sell,NYSE
tx_0009970,2025-06-19 10:04:55,JNJ,169.46,126,sell,NYSE
tx_0009882,2025-06-19 10:04:56,TSLA,688.52,468,sell,NASDAQ
tx_0000134,2025-06-19 10:04:57,NFLX,501.5,536,buy,NASDAQ
tx_0000216,2025-06-19 10:05:07,MCD,249.89,706,buy,NYSE
tx_0007592,2025-06-19 10:05:09,BRK.B,277.35,862,sell,NYSE
tx_0005385,2025-06-19 10:05:10,AMZN,3540.76,647,buy,NASDAQ
tx_0004030,2025-06-19 10:05:11,AMZN,3563.71,366,sell,NASDAQ
tx_0008953,2025-06-19 10:05:11,AAPL,148.46,411,buy,NASDAQ
tx_0003041,2025-06-19 10:05:12,WMT,138.87,515,sell,NYSE
tx_0007588,2025-06-19 10:05:15,GOOGL,2837.04,884,sell,NASDAQ
tx_0006505,2025-06-19 10:05:16,DIS,178.49,449,buy,NYSE
tx_0000916,2025-06-19 10:05:17,GOOGL,2859.34,665,buy,NASDAQ
tx_0001262,2025-06-19 10:05:18,AMZN,3555.17,566,buy,NASDAQ
tx_0008318,2025-06-19 10:05:20,JNJ,169.64,366,sell,NYSE
tx_0007929,2025-06-19 10:05:25,MSFT,306.2,959,sell,NASDAQ
tx_0005709,2025-06-19 10:05:29,ADBE,594.42,652,sell,NASDAQ
tx_0009190,2025-06-19 10:05:29,MA,347.32,527,sell,NYSE
tx_0007150,2025-06-19 10:05:29,AMZN,3578.77,961,buy,NASDAQ
tx_0005813,2025-06-19 10:05:32,PG,134.58,736,buy,NYSE
tx_0004339,2025-06-19 10:05:40,MA,347.7,847,sell,NYSE
tx_0005418,2025-06-19 10:05:42,MCD,251.57,470,buy,NYSE
tx_0000440,2025-06-19 10:05:44,DIS,176.88,194,sell,NYSE
tx_0003826,2025-06-19 10:05:45,DIS,174.64,493,sell,NYSE
tx_0002606,2025-06-19 10:05:50,MCD,249.45,422,sell,NYSE
tx_0001961,2025-06-19 10:05:50,MSFT,310.05,528,buy,NASDAQ
tx_0002753,2025-06-19 10:05:52,MSFT,313.11,489,buy,NASDAQ
tx_0007132,2025-06-19 10:05:52,MSFT,310.71,242,sell,NASDAQ
tx_0004706,2025-06-19 10:05:53,FB,338.47,555,sell,NASDAQ
tx_0000296,2025-06-19 10:05:54,AAPL,148.22,761,buy,NASDAQ
tx_0001218,2025-06-19 10:06:06,MCD,249.61,550,buy,NYSE
tx_0009109,2025-06-19 10:06:08,V,213.65,770,sell,NYSE
tx_0007057,2025-06-19 10:06:10,MSFT,308.97,170,,NASDAQ
tx_0008791,2025-06-19 10:06:10,WMT,140.97,966,buy,NYSE
tx_0008789,2025-06-19 10:06:17,AMZN,3569.75,380,buy,NASDAQ
tx_0009330,2025-06-19 10:06:20,V,215.92,346,buy,NYSE
tx_0002334,2025-06-19 10:06:29,PEP,148.2,268,buy,NYSE
tx_0001219,2025-06-19 10:06:32,WMT,139.46,938,buy,NYSE
tx_0002746,2025-06-19 10:06:34,MSFT,312.43,456,buy,NASDAQ
tx_0006888,2025-06-19 10:06:38,ADBE,592.72,885,sell,NASDAQ
tx_0007093,2025-06-19 10:06:38,MCD,252.77,204,buy,NYSE
tx_0009754,2025-06-19 10:06:40,MSFT,307.85,442,sell,NASDAQ
tx_0007684,2025-06-19 10:06:41,PG,132.6,731,buy,NYSE
tx_0001418,2025-06-19 10:06:41,ADBE,589.83,164,buy,NASDAQ
tx_0008023,2025-06-19 10:06:41,MCD,251.27,120,sell,NYSE
tx_0009893,2025-06-19 10:06:44,AMZN,3567.23,592,buy,NASDAQ
tx_0005989,2025-06-19 10:06:46,V,217.33,918,sell,NYSE
tx_0008517,2025-06-19 10:06:46,MA,347.05,227,buy,NYSE
tx_0005684,2025-06-19 10:06:51,MA,348.99,185,sell,NYSE
tx_0005113,2025-06-19 10:06:52,FB,340.06,642,buy,NASDAQ
tx_0007360,2025-06-19 10:06:53,MSFT,308.89,870,buy,NASDAQ
tx_0005105,2025-06-19 10:06:55,PYPL,249.63,727,sell,NASDAQ
tx_0000094,2025-06-19 10:06:56,DIS,174.89,861,sell,NYSE
tx_0003026,2025-06-19 10:06:57,DIS,176.7,401,buy,NYSE
tx_0005464,2025-06-19 10:06:57,AMZN,3565.77,224,sell,NASDAQ
tx_0002462,2025-06-19 10:06:58,DIS,176.09,599,buy,NYSE
tx_0008241,2025-06-19 10:07:03,NFLX,501.18,132,sell,
tx_0004546,2025-06-19 10:07:11,BRK.B,278.84,781,sell,NYSE
tx_0001504,2025-06-19 10:07:11,PEP,148.96,117,sell,NYSE
tx_0001906,2025-06-19 10:07:12,DIS,176.19,449,buy,NYSE
tx_0008322,2025-06-19 10:07:13,NFLX,504.61,662,sell,NASDAQ
tx_0003676,2025-06-19 10:07:13,PG,134.05,456,sell,NYSE
tx_0003197,2025-06-19 10:07:17,PEP,148.07,516,sell,NYSE
tx_0007982,2025-06-19 10:07:22,V,215.51,380,sell,NYSE
tx_0008805,2025-06-19 10:07:22,MSFT,311.83,390,sell,NASDAQ
tx_0001463,2025-06-19 10:07:23,MSFT,313.87,455,sell,NASDAQ
tx_0009417,2025-06-19 10:07:23,MSFT,313.37,284,sell,NASDAQ
tx_0005526,2025-06-19 10:07:24,AAPL,147.3,978,buy,NASDAQ
tx_0003779,2025-06-19 10:07:25,PG,133.78,857,buy,NYSE
tx_0005904,2025-06-19 10:07:36,MSFT,310.49,681,sell,NASDAQ
tx_0001709,2025-06-19 10:07:39,FB,339.79,926,buy,NASDAQ
tx_0001837,2025-06-19 10:07:40,AAPL,148.67,698,sell,NASDAQ
tx_0007881,2025-06-19 10:07:42,V,213.44,986,buy,NYSE
tx_0004695,2025-06-19 10:07:52,TSLA,688.27,561,buy,NASDAQ
tx_0006150,2025-06-19 10:07:54,PEP,146.75,124,buy,NYSE
tx_0001361,2025-06-19 10:07:56,GOOGL,2870.49,621,sell,NASDAQ
tx_0000787,2025-06-19 10:07:57,PEP,147.47,780,buy,NYSE
tx_0009997,2025-06-19 10:08:02,GOOGL,2870.69,196,buy,NASDAQ
tx_0006419,2025-06-19 10:08:04,KO,54.57,554,sell,NYSE
tx_0001222,2025-06-19 10:08:07,MA,347.51,946,buy,NYSE
tx_0003370,2025-06-19 10:08:09,KO,55.06,716,buy,NYSE
tx_0009321,2025-06-19 10:08:10,PYPL,251.11,964,sell,NASDAQ
tx_0005818,2025-06-19 10:08:15,AMZN,3506.69,262,sell,NASDAQ
tx_0002216,2025-06-19 10:08:15,MCD,248.92,650,buy,NYSE
tx_0006634,2025-06-19 10:08:15,V,215.17,354,sell,NYSE
tx_0003376,2025-06-19 10:08:15,MSFT,310.03,405,buy,NASDAQ
tx_0009506,2025-06-19 10:08:16,MSFT,309.99,447,sell,NASDAQ
tx_0001686,2025-06-19 10:08:16,NFLX,505.96,523,sell,NASDAQ
tx_0009722,2025-06-19 10:08:21,MCD,250.75,433,sell,NYSE
tx_0005065,2025-06-19 10:08:21,NFLX,506.63,795,buy,NASDAQ
tx_0007793,2025-06-19 10:08:21,KO,54.52,676,buy,NYSE
tx_0002904,2025-06-19 10:08:22,PYPL,248.04,441,buy,NASDAQ
tx_0008223,2025-06-19 10:08:24,FB,336.7,788,sell,NASDAQ
tx_0005736,2025-06-19 10:08:28,MCD,250.08,274,buy,NYSE
tx_0002952,2025-06-19 10:08:29,MCD,251.95,938,sell,NYSE
tx_0004223,2025-06-19 10:08:32,JNJ,169.7,737,buy,NYSE
tx_0004473,2025-06-19 10:08:33,PG,133.26,937,buy,NYSE
tx_0008026,2025-06-19 10:08:34,BRK.B,280.01,365,buy,NYSE
tx_0006319,2025-06-19 10:08:38,BRK.B,280.64,173,sell,NYSE
tx_0007048,2025-06-19 10:08:38,ADBE,597.63,703,sell,NASDAQ
tx_0004634,2025-06-19 10:08:39,JNJ,169.48,388,buy,NYSE
tx_0007579,2025-06-19 10:08:39,GOOGL,2883.54,962,sell,NASDAQ
tx_0007321,2025-06-19 10:08:41,NVDA,201.55,699,buy,NASDAQ
tx_0008231,2025-06-19 10:08:42,NVDA,201.15,948,buy,NASDAQ
tx_0002610,2025-06-19 10:08:43,NFLX,504.42,167,sell,NASDAQ
tx_0008493,2025-06-19 10:08:45,NVDA,202.18,873,buy,NASDAQ
tx_0005329,2025-06-19 10:08:45,PG,132.78,497,buy,NYSE
tx_0007871,2025-06-19 10:08:47,AMZN,3551.88,967,sell,NASDAQ
tx_0004198,2025-06-19 10:08:48,JNJ,168.56,113,sell,NYSE
tx_0002413,2025-06-19 10:08:50,FB,335.56,598,sell,NASDAQ
tx_0005146,2025-06-19 10:08:53,PG,132.85,563,buy,NYSE
tx_0002264,2025-06-19 10:08:56,BRK.B,277.35,788,buy,NYSE
tx_0000622,2025-06-19 10:08:56,GOOGL,2858.05,941,sell,NASDAQ
tx_0000663,2025-06-19 10:08:59,PYPL,250.77,154,sell,NASDAQ
tx_0001133,2025-06-19 10:09:00,ADBE,590.98,962,buy,NASDAQ
tx_0003332,2025-06-19 10:09:02,MSFT,309.97,217,sell,NASDAQ
tx_0006481,2025-06-19 10:09:03,DIS,175.27,242,sell,NYSE
tx_0005531,2025-06-19 10:09:07,FB,338.69,528,sell,NASDAQ
tx_0007447,2025-06-19 10:09:08,V,214.6,228,buy,NYSE
tx_0000487,2025-06-19 10:09:12,BRK.B,279.62,147,sell,NYSE
tx_0008095,2025-06-19 10:09:12,MSFT,309.78,550,buy,NASDAQ
tx_0000275,2025-06-19 10:09:14,PG,131.54,332,sell,NYSE
tx_0008827,2025-06-19 10:09:15,PEP,149.3,203,buy,NYSE
tx_0005772,2025-06-19 10:09:16,FB,341.15,388,buy,NASDAQ
tx_0002612,2025-06-19 10:09:16,NVDA,203.64,743,buy,NASDAQ
tx_0002290,2025-06-19 10:09:17,MCD,248.86,815,sell,NYSE
tx_0001163,2025-06-19 10:09:19,PG,131.69,703,buy,NYSE
tx_0007215,2025-06-19 10:09:19,GOOGL,2851.43,689,sell,NASDAQ
tx_0003194,2025-06-19 10:09:20,KO,54.42,531,sell,NYSE
tx_0007244,2025-06-19 10:09:24,PYPL,249.92,972,sell,NASDAQ
tx_0005179,2025-06-19 10:09:26,MA,345.52,937,sell,NYSE
tx_0004250,2025-06-19 10:09:26,AAPL,149.14,338,buy,NASDAQ
tx_0007554,2025-06-19 10:09:28,PEP,148.94,611,buy,NYSE
tx_0000402,2025-06-19 10:09:29,BRK.B,279.03,229,buy,NYSE
tx_0001809,2025-06-19 10:09:34,ADBE,590.62,525,sell,NASDAQ
tx_0008222,2025-06-19 10:09:39,DIS,176.6,247,sell,NYSE
tx_0003405,2025-06-19 10:09:41,PEP,150.42,769,sell,NYSE
tx_0002533,2025-06-19 10:09:42,GOOGL,2861.55,659,sell,NASDAQ
tx_0003947,2025-06-19 10:09:48,JNJ,169.64,622,sell,NYSE
tx_0004749,2025-06-19 10:09:49,WMT,140.03,865,sell,NYSE
tx_0009348,2025-06-19 10:09:53,NVDA,202.62,488,sell,NASDAQ
tx_0000259,2025-06-19 10:09:53,MSFT,310.06,910,buy,NASDAQ
tx_0000914,2025-06-19 10:09:55,BRK.B,282.97,572,buy,NYSE
tx_0004164,2025-06-19 10:10:00,GOOGL,2845.56,219,buy,NASDAQ
tx_0003887,2025-06-19 10:10:04,TSLA,686.74,446,buy,NASDAQ
tx_0005240,2025-06-19 10:10:05,MCD,250.72,911,buy,NYSE
tx_0007735,2025-06-19 10:10:06,PEP,149.36,428,buy,NYSE
tx_0002076,2025-06-19 10:10:09,ADBE,595.46,256,buy,NASDAQ
tx_0003233,2025-06-19 10:10:11,MA,348.84,254,buy,NYSE
tx_0004788,2025-06-19 10:10:14,PEP,148.9,456,sell,NYSE
tx_0001537,2025-06-19 10:10:14,ADBE,596.14,236,sell,NASDAQ
tx_0002032,2025-06-19 10:10:15,TSLA,698.95,550,buy,NASDAQ
tx_0009294,2025-06-19 10:10:15,MCD,249.59,239,sell,NYSE
tx_0009591,2025-06-19 10:10:18,MCD,248.95,908,buy,NYSE
tx_0006447,2025-06-19 10:10:23,MA,348.38,190,buy,NYSE
tx_0008964,2025-06-19 10:10:28,BRK.B,278.32,869,buy,NYSE
tx_0003966,2025-06-19 10:10:30,DIS,175.45,729,buy,NYSE
tx_0006733,2025-06-19 10:10:33,V,217.12,376,sell,NYSE
tx_0005632,2025-06-19 10:10:38,GOOGL,2852.01,200,sell,NASDAQ
tx_0007935,2025-06-19 10:10:38,GOOGL,2867.44,802,sell,NASDAQ
tx_0004351,2025-06-19 10:10:38,MCD,249.94,903,sell,NYSE
tx_0002650,2025-06-19 10:10:40,MSFT,310.55,670,sell,NASDAQ
tx_0005536,2025-06-19 10:10:42,NVDA,202.2,954,buy,NASDAQ
tx_0004025,2025-06-19 10:10:46,DIS,177.33,376,buy,NYSE
tx_0008394,2025-06-19 10:10:49,NFLX,500.19,942,buy,NASDAQ
tx_0003322,2025-06-19 10:10:51,PG,130.55,795,sell,NYSE
tx_0003484,2025-06-19 10:10:54,V,218.6,179,sell,NYSE
tx_0003142,2025-06-19 10:10:56,AAPL,146.85,249,sell,NASDAQ
tx_0006417,2025-06-19 10:10:57,KO,53.94,467,sell,NYSE
tx_0009297,2025-06-19 10:10:59,WMT,139.03,771,buy,NYSE
tx_0000218,2025-06-19 10:11:03,V,216.14,159,buy,NYSE
tx_0000544,2025-06-19 10:11:04,PEP,148.57,324,buy,NYSE
tx_0001995,2025-06-19 10:11:11,TSLA,688.11,870,,NASDAQ
tx_0005756,2025-06-19 10:11:12,BRK.B,281.4,691,sell,NYSE
tx_0004370,2025-06-19 10:11:12,NFLX,504.33,198,sell,NASDAQ
tx_0006683,2025-06-19 10:11:13,PEP,149.54,459,sell,NYSE
tx_0009426,2025-06-19 10:11:22,MCD,249.69,462,buy,NYSE
tx_0007950,2025-06-19 10:11:25,AAPL,146.86,532,sell,NASDAQ
tx_0009033,2025-06-19 10:11:28,V,217.47,589,buy,NYSE
tx_0007484,2025-06-19 10:11:28,NVDA,201.26,885,buy,NASDAQ
tx_0008099,2025-06-19 10:11:31,PYPL,250.69,399,buy,NASDAQ
tx_0004012,2025-06-19 10:11:31,MA,351.11,697,sell,NYSE
tx_0003747,2025-06-19 10:11:34,TSLA,690.29,946,buy,NASDAQ
tx_0000733,2025-06-19 10:11:34,NVDA,200.14,936,buy,NASDAQ
tx_0005890,2025-06-19 10:11:34,KO,54.34,439,sell,NYSE
tx_0002724,2025-06-19 10:11:35,NFLX,498.63,893,sell,NASDAQ
tx_0005261,2025-06-19 10:11:35,NFLX,498.8,791,sell,NASDAQ
tx_0009025,2025-06-19 10:11:35,PEP,149.77,127,sell,NYSE
tx_0001114,2025-06-19 10:11:38,BRK.B,281.46,663,buy,NYSE
tx_0006307,2025-06-19 10:11:40,MSFT,310.68,321,buy,NASDAQ
tx_0008268,2025-06-19 10:11:43,DIS,175.72,626,buy,NYSE
tx_0007157,2025-06-19 10:11:44,PG,131.41,818,buy,NYSE
tx_0002751,2025-06-19 10:11:44,MSFT,308.27,205,sell,NASDAQ
tx_0005733,2025-06-19 10:11:44,BRK.B,279.03,751,buy,NYSE
tx_0009847,2025-06-19 10:11:45,AMZN,3552.63,150,sell,NASDAQ
tx_0006037,2025-06-19 10:11:45,KO,54.09,226,sell,NYSE
tx_0004637,2025-06-19 10:11:55,DIS,177.59,705,buy,NYSE
tx_0004014,2025-06-19 10:11:57,PYPL,250.81,410,buy,NASDAQ
tx_0000348,2025-06-19 10:11:58,MA,349.19,966,buy,NYSE
tx_0005277,2025-06-19 10:12:05,MA,354.3,858,buy,NYSE
tx_0007351,2025-06-19 10:12:06,V,216.46,344,buy,NYSE
tx_0004089,2025-06-19 10:12:09,PG,130.98,873,buy,NYSE
tx_0004364,2025-06-19 10:12:11,JNJ,170.88,157,sell,NYSE
tx_0001069,2025-06-19 10:12:12,BRK.B,280.48,815,sell,NYSE
tx_0005794,2025-06-19 10:12:13,NFLX,502.09,730,sell,NASDAQ
tx_0004338,2025-06-19 10:12:14,PYPL,249.07,911,sell,NASDAQ
tx_0003397,2025-06-19 10:12:18,PYPL,248.11,238,sell,NASDAQ
tx_0002818,2025-06-19 10:12:23,PEP,149.23,463,sell,NYSE
tx_0001486,2025-06-19 10:12:23,PYPL,249.29,427,buy,NASDAQ
tx_0009523,2025-06-19 10:12:25,BRK.B,278.94,891,sell,NYSE
tx_0006725,2025-06-19 10:12:29,V,218.15,787,sell,NYSE
tx_0009724,2025-06-19 10:12:30,ADBE,596.66,770,sell,NASDAQ
tx_0001339,2025-06-19 10:12:33,BRK.B,278.18,609,buy,NYSE
tx_0002228,2025-06-19 10:12:34,TSLA,695.99,874,sell,NASDAQ
tx_0003577,2025-06-19 10:12:35,AAPL,147.42,933,sell,NASDAQ
tx_0009472,2025-06-19 10:12:36,NFLX,508.66,839,buy,NASDAQ
tx_0000966,2025-06-19 10:12:43,FB,,161,sell,NASDAQ
tx_0001763,2025-06-19 10:12:46,AMZN,3510.92,910,buy,NASDAQ
tx_0001796,2025-06-19 10:12:47,PEP,150.01,359,buy,NYSE
tx_0004984,2025-06-19 10:12:50,PYPL,249.62,766,sell,NASDAQ
tx_0000869,2025-06-19 10:12:52,FB,339.6,477,sell,NASDAQ
tx_0005798,2025-06-19 10:12:52,MCD,251.43,559,buy,NYSE
tx_0007866,2025-06-19 10:12:53,PEP,150.17,267,sell,NYSE
tx_0003101,2025-06-19 10:12:54,MCD,252.83,969,sell,NYSE
tx_0007938,2025-06-19 10:12:58,DIS,177.45,452,buy,NYSE
tx_0000003,2025-06-19 10:12:58,AMZN,3511.35,219,buy,NASDAQ
tx_0006722,2025-06-19 10:13:00,GOOGL,2817.79,310,sell,NASDAQ
tx_0007053,2025-06-19 10:13:01,KO,54.61,670,sell,NYSE
tx_0009895,2025-06-19 10:13:05,DIS,175.67,645,sell,NYSE
tx_0006012,2025-06-19 10:13:06,DIS,177.28,465,sell,NYSE
tx_0003078,2025-06-19 10:13:07,MSFT,310.66,972,buy,NASDAQ
tx_0006039,2025-06-19 10:13:09,MCD,252.26,568,sell,NYSE
tx_0004851,2025-06-19 10:13:14,WMT,141.19,675,buy,NYSE
tx_0004087,2025-06-19 10:13:15,DIS,177.72,436,sell,NYSE
tx_0003710,2025-06-19 10:13:17,NFLX,506.03,276,buy,NASDAQ
tx_0000314,2025-06-19 10:13:23,PYPL,252.33,191,buy,NASDAQ
tx_0004385,2025-06-19 10:13:25,BRK.B,277.97,320,sell,NYSE
tx_0002658,2025-06-19 10:13:29,PEP,149.69,177,buy,NYSE
tx_0003188,2025-06-19 10:13:32,ADBE,594.93,351,buy,NASDAQ
tx_0004426,2025-06-19 10:13:33,AMZN,3525.96,131,buy,NASDAQ
tx_0007775,2025-06-19 10:13:36,WMT,140.16,598,buy,NYSE
tx_0004730,2025-06-19 10:13:37,AMZN,,245,buy,NASDAQ
tx_0004876,2025-06-19 10:13:40,AMZN,3518.04,907,sell,NASDAQ
tx_0004230,2025-06-19 10:13:41,MSFT,310.73,216,sell,NASDAQ
tx_0008163,2025-06-19 10:13:41,TSLA,701.88,839,buy,NASDAQ
tx_0005511,2025-06-19 10:13:43,GOOGL,2834.59,134,sell,NASDAQ
tx_0003116,2025-06-19 10:13:45,TSLA,700.33,802,sell,NASDAQ
tx_0009242,2025-06-19 10:13:46,MA,351.25,727,buy,NYSE
tx_0006320,2025-06-19 10:13:49,NVDA,200.28,485,buy,NASDAQ
tx_0008873,2025-06-19 10:13:57,GOOGL,2833.94,274,buy,NASDAQ
tx_0009733,2025-06-19 10:13:59,MA,352.51,553,buy,NYSE
tx_0008530,2025-06-19 10:14:01,V,218.17,129,sell,NYSE
tx_0007341,2025-06-19 10:14:02,PEP,149.03,952,buy,NYSE
tx_0001478,2025-06-19 10:14:03,JNJ,170.16,981,sell,NYSE
tx_0001206,2025-06-19 10:14:05,PEP,149.49,973,sell,NYSE
tx_0000135,2025-06-19 10:14:10,JNJ,169.67,642,sell,NYSE
tx_0000564,2025-06-19 10:14:10,ADBE,584.33,993,buy,NASDAQ
tx_0007251,2025-06-19 10:14:12,NFLX,503.8,841,buy,NASDAQ
tx_0004115,2025-06-19 10:14:13,PG,131.33,135,sell,NYSE
tx_0005188,2025-06-19 10:14:17,DIS,176.98,862,buy,NYSE
tx_0006051,2025-06-19 10:14:18,ADBE,591.99,127,buy,NASDAQ
tx_0009484,2025-06-19 10:14:24,PEP,147.76,960,buy,NYSE
tx_0007999,2025-06-19 10:14:29,ADBE,591.23,211,buy,NASDAQ
tx_0004943,2025-06-19 10:14:29,NFLX,509.78,849,sell,NASDAQ
tx_0003317,2025-06-19 10:14:31,MCD,252.59,516,buy,
tx_0003593,2025-06-19 10:14:36,DIS,175.68,703,buy,NYSE
tx_0009014,2025-06-19 10:14:36,WMT,140.6,207,buy,NYSE
tx_0004506,2025-06-19 10:14:36,MA,353.67,408,sell,NYSE
tx_0004407,2025-06-19 10:14:37,BRK.B,277.03,173,sell,NYSE
tx_0002786,2025-06-19 10:14:37,GOOGL,2851.49,560,buy,NASDAQ
tx_0000012,2025-06-19 10:14:37,JNJ,171.97,624,sell,NYSE
tx_0007797,2025-06-19 10:14:44,DIS,173.67,299,buy,NYSE
tx_0003693,2025-06-19 10:14:45,MSFT,309.08,956,buy,NASDAQ
tx_0006104,2025-06-19 10:14:45,MSFT,311.71,865,sell,NASDAQ
tx_0002731,2025-06-19 10:14:46,KO,54.56,867,sell,
tx_0008988,2025-06-19 10:14:48,AMZN,3532.84,579,buy,NASDAQ
tx_0005150,2025-06-19 10:14:53,AAPL,147.2,113,sell,NASDAQ
tx_0008723,2025-06-19 10:14:53,NVDA,199.37,694,buy,NASDAQ
tx_0004808,2025-06-19 10:14:57,BRK.B,278.6,658,sell,NYSE
tx_0005893,2025-06-19 10:15:01,ADBE,596.27,421,sell,NASDAQ
tx_0003639,2025-06-19 10:15:01,GOOGL,2861.34,115,sell,NASDAQ
tx_0000192,2025-06-19 10:15:02,PG,131.36,134,buy,NYSE
tx_0002231,2025-06-19 10:15:06,MSFT,311.68,281,buy,NASDAQ
tx_0001217,2025-06-19 10:15:08,ADBE,589.55,454,,NASDAQ
tx_0007561,2025-06-19 10:15:10,AMZN,3577.4,992,sell,NASDAQ
tx_0003106,2025-06-19 10:15:15,MA,351.0,280,buy,NYSE
tx_0009711,2025-06-19 10:15:16,KO,53.85,310,buy,NYSE
tx_0006611,2025-06-19 10:15:20,V,216.13,788,buy,NYSE
tx_0008535,2025-06-19 10:15:24,MCD,252.52,754,buy,NYSE
tx_0001845,2025-06-19 10:15:28,MA,352.53,239,buy,NYSE
tx_0006441,2025-06-19 10:15:33,MA,355.37,264,sell,NYSE
tx_0003675,2025-06-19 10:15:34,DIS,176.53,599,buy,NYSE
tx_0004113,2025-06-19 10:15:35,PYPL,250.41,182,buy,NASDAQ
tx_0007211,2025-06-19 10:15:37,MA,354.13,385,sell,NYSE
tx_0008963,2025-06-19 10:15:37,MCD,251.89,865,buy,NYSE
tx_0004481,2025-06-19 10:15:38,FB,340.0,823,sell,NASDAQ
tx_0003839,2025-06-19 10:15:39,GOOGL,2851.14,599,sell,NASDAQ
tx_0007804,2025-06-19 10:15:40,GOOGL,2829.9,117,buy,NASDAQ
tx_0005331,2025-06-19 10:15:47,DIS,175.74,950,buy,NYSE
tx_0002479,2025-06-19 10:15:48,TSLA,690.51,982,buy,NASDAQ
tx_0001685,2025-06-19 10:15:50,MSFT,310.84,632,buy,NASDAQ
tx_0007581,2025-06-19 10:15:50,AMZN,3539.23,382,buy,NASDAQ
tx_0003319,2025-06-19 10:15:57,PG,131.74,588,sell,NYSE
tx_0007031,2025-06-19 10:15:57,KO,54.27,532,buy,NYSE
tx_0008331,2025-06-19 10:15:58,JNJ,172.25,300,buy,NYSE
tx_0005100,2025-06-19 10:16:00,V,219.5,720,sell,NYSE
tx_0007229,2025-06-19 10:16:03,ADBE,586.0,690,sell,NASDAQ
tx_0007372,2025-06-19 10:16:03,AAPL,146.53,862,buy,NASDAQ
tx_0002095,2025-06-19 10:16:08,V,217.06,134,sell,NYSE
tx_0005644,2025-06-19 10:16:11,PG,131.49,943,buy,NYSE
tx_0000950,2025-06-19 10:16:12,BRK.B,283.5,784,buy,NYSE
tx_0006482,2025-06-19 10:16:16,WMT,141.1,298,sell,NYSE
tx_0007591,2025-06-19 10:16:19,TSLA,699.44,465,buy,NASDAQ
tx_0006058,2025-06-19 10:16:24,NFLX,508.53,388,sell,NASDAQ
tx_0006296,2025-06-19 10:16:25,PEP,150.33,571,sell,NYSE
tx_0007237,2025-06-19 10:16:33,WMT,140.04,564,sell,NYSE
tx_0008966,2025-06-19 10:16:34,PYPL,248.69,630,sell,NASDAQ
tx_0005672,2025-06-19 10:16:36,FB,342.38,766,sell,NASDAQ
tx_0003945,2025-06-19 10:16:43,GOOGL,2851.01,533,sell,NASDAQ
tx_0001111,2025-06-19 10:16:46,JNJ,172.22,808,buy,NYSE
tx_0002048,2025-06-19 10:16:47,PYPL,251.25,957,buy,NASDAQ
tx_0004950,2025-06-19 10:16:52,AAPL,147.91,401,buy,NASDAQ
tx_0002735,2025-06-19 10:16:55,MSFT,312.51,450,sell,NASDAQ
tx_0004081,2025-06-19 10:16:57,FB,339.51,896,sell,NASDAQ
tx_0001428,2025-06-19 10:16:59,GOOGL,2845.64,117,buy,NASDAQ
tx_0003267,2025-06-19 10:17:00,MA,350.99,971,buy,NYSE
tx_0006187,2025-06-19 10:17:00,DIS,175.78,356,buy,NYSE
tx_0009212,2025-06-19 10:17:01,AAPL,147.39,130,sell,NASDAQ
tx_0005532,2025-06-19 10:17:02,KO,54.52,895,sell,NYSE
tx_0000984,2025-06-19 10:17:07,ADBE,591.29,321,buy,NASDAQ
tx_0000139,2025-06-19 10:17:09,MCD,250.36,174,sell,NYSE
tx_0004001,2025-06-19 10:17:09,PG,132.84,447,buy,NYSE
tx_0005768,2025-06-19 10:17:11,WMT,140.08,544,sell,NYSE
tx_0001374,2025-06-19 10:17:13,DIS,177.33,468,sell,NYSE
tx_0004545,2025-06-19 10:17:19,V,219.7,891,sell,NYSE
tx_0000347,2025-06-19 10:17:19,JNJ,171.06,135,buy,NYSE
tx_0006557,2025-06-19 10:17:26,PEP,150.41,252,sell,NYSE
tx_0000975,2025-06-19 10:17:28,TSLA,696.04,839,buy,NASDAQ
tx_0004983,2025-06-19 10:17:29,PEP,148.02,202,sell,NYSE
tx_0009976,2025-06-19 10:17:30,V,218.94,641,buy,NYSE
tx_0003490,2025-06-19 10:17:31,WMT,141.44,405,sell,NYSE
tx_0001366,2025-06-19 10:17:32,TSLA,704.45,984,sell,NASDAQ
tx_0008639,2025-06-19 10:17:38,JNJ,169.23,208,buy,NYSE
tx_0000903,2025-06-19 10:17:38,FB,341.33,314,sell,NASDAQ
tx_0007680,2025-06-19 10:17:41,MA,355.98,860,buy,NYSE
tx_0000067,2025-06-19 10:17:41,V,217.81,302,sell,NYSE
tx_0007026,2025-06-19 10:17:43,MA,353.79,156,sell,NYSE
tx_0003906,2025-06-19 10:17:46,DIS,177.38,271,buy,NYSE
tx_0002034,2025-06-19 10:17:48,MSFT,314.57,959,sell,NASDAQ
tx_0009004,2025-06-19 10:17:57,GOOGL,2815.85,723,sell,NASDAQ
tx_0008740,2025-06-19 10:17:59,BRK.B,281.76,709,sell,NYSE
tx_0000633,2025-06-19 10:18:07,FB,339.83,970,sell,NASDAQ
tx_0009360,2025-06-19 10:18:08,AAPL,147.0,973,buy,NASDAQ
tx_0000069,2025-06-19 10:18:11,WMT,141.73,823,sell,NYSE
tx_0009835,2025-06-19 10:18:11,PEP,150.1,492,sell,NYSE
tx_0004844,2025-06-19 10:18:12,V,218.97,744,sell,NYSE
tx_0003808,2025-06-19 10:18:16,NFLX,508.35,455,buy,NASDAQ
tx_0007641,2025-06-19 10:18:16,DIS,175.11,703,sell,NYSE
tx_0007541,2025-06-19 10:18:20,PYPL,,902,sell,NASDAQ
tx_0002785,2025-06-19 10:18:21,MSFT,311.16,949,sell,NASDAQ
tx_0006472,2025-06-19 10:18:24,BRK.B,280.14,537,sell,NYSE
tx_0008555,2025-06-19 10:18:27,JNJ,171.19,299,sell,NYSE
tx_0002816,2025-06-19 10:18:29,AAPL,147.04,906,sell,NASDAQ
tx_0007352,2025-06-19 10:18:33,TSLA,697.95,863,sell,NASDAQ
tx_0001632,2025-06-19 10:18:42,KO,53.78,107,sell,NYSE
tx_0000822,2025-06-19 10:18:43,MCD,252.51,581,buy,NYSE
tx_0005426,2025-06-19 10:18:50,PG,132.65,744,,NYSE
tx_0001198,2025-06-19 10:18:53,AMZN,3512.3,891,sell,NASDAQ
tx_0002844,2025-06-19 10:18:58,BRK.B,285.59,536,buy,NYSE
tx_0004192,2025-06-19 10:18:58,FB,340.63,992,buy,NASDAQ
tx_0002446,2025-06-19 10:19:04,V,216.28,945,sell,NYSE
tx_0005739,2025-06-19 10:19:05,PEP,150.49,384,buy,NYSE
tx_0004028,2025-06-19 10:19:08,PG,130.65,185,buy,NYSE
tx_0001333,2025-06-19 10:19:10,AMZN,3528.42,606,buy,NASDAQ
tx_0003270,2025-06-19 10:19:11,PYPL,250.42,340,sell,NASDAQ
tx_0000923,2025-06-19 10:19:12,JNJ,170.27,544,sell,NYSE
tx_0000090,2025-06-19 10:19:14,PG,132.63,280,sell,NYSE
tx_0004431,2025-06-19 10:19:17,NVDA,200.1,130,sell,NASDAQ
tx_0000284,2025-06-19 10:19:18,PEP,151.1,623,sell,NYSE
tx_0004689,2025-06-19 10:19:19,MCD,249.72,558,sell,NYSE
tx_0006558,2025-06-19 10:19:23,BRK.B,281.33,286,sell,NYSE
tx_0007666,2025-06-19 10:19:25,JNJ,171.89,587,buy,NYSE
tx_0008576,2025-06-19 10:19:29,JNJ,171.41,291,sell,NYSE
tx_0009041,2025-06-19 10:19:30,FB,337.94,511,buy,NASDAQ
tx_0009552,2025-06-19 10:19:31,KO,53.81,134,buy,NYSE
tx_0007194,2025-06-19 10:19:32,ADBE,589.95,811,buy,NASDAQ
tx_0002019,2025-06-19 10:19:37,MA,354.71,297,,NYSE
tx_0008959,2025-06-19 10:19:51,V,219.27,645,buy,NYSE
tx_0002613,2025-06-19 10:19:55,TSLA,698.31,528,sell,NASDAQ
tx_0001904,2025-06-19 10:19:59,AAPL,145.16,755,buy,NASDAQ
tx_0003541,2025-06-19 10:20:01,V,219.28,467,buy,NYSE
tx_0009752,2025-06-19 10:20:02,PEP,149.89,166,sell,NYSE
tx_0000396,2025-06-19 10:20:03,JNJ,171.39,680,sell,NYSE
tx_0007275,2025-06-19 10:20:08,GOOGL,2819.65,387,sell,NASDAQ
tx_0000861,2025-06-19 10:20:08,JNJ,173.46,507,sell,NYSE
tx_0000425,2025-06-19 10:20:12,GOOGL,2829.0,820,buy,NASDAQ
tx_0006292,2025-06-19 10:20:12,NVDA,199.95,562,buy,NASDAQ
tx_0001856,2025-06-19 10:20:17,BRK.B,285.31,739,buy,NYSE
tx_0005222,2025-06-19 10:20:20,WMT,141.04,363,buy,NYSE
tx_0006289,2025-06-19 10:20:20,NVDA,198.5,834,sell,NASDAQ
tx_0009116,2025-06-19 10:20:22,MA,351.74,715,buy,NYSE
tx_0002972,2025-06-19 10:20:24,GOOGL,2831.31,709,buy,NASDAQ
tx_0002526,2025-06-19 10:20:32,NVDA,196.43,355,buy,NASDAQ
tx_0007631,2025-06-19 10:20:33,KO,54.44,300,sell,NYSE
tx_0000969,2025-06-19 10:20:34,TSLA,703.86,197,sell,NASDAQ
tx_0003119,2025-06-19 10:20:38,NVDA,196.73,808,buy,NASDAQ
tx_0004090,2025-06-19 10:20:40,AMZN,3563.43,231,sell,NASDAQ
tx_0000166,2025-06-19 10:20:45,JNJ,170.73,748,buy,NYSE
tx_0007756,2025-06-19 10:20:45,NVDA,199.32,262,sell,NASDAQ
tx_0008715,2025-06-19 10:20:45,MSFT,313.25,513,sell,NASDAQ
tx_0005649,2025-06-19 10:20:47,KO,,792,buy,NYSE
tx_0008468,2025-06-19 10:20:49,BRK.B,282.07,205,buy,NYSE
tx_0000908,2025-06-19 10:20:50,DIS,175.53,877,sell,NYSE
tx_0003393,2025-06-19 10:20:53,NVDA,199.0,610,buy,NASDAQ
tx_0003105,2025-06-19 10:20:57,AMZN,3591.29,211,buy,NASDAQ
tx_0009423,2025-06-19 10:21:03,MCD,252.75,394,sell,NYSE
tx_0001041,2025-06-19 10:21:04,GOOGL,2820.36,578,sell,NASDAQ
tx_0003195,2025-06-19 10:21:05,MCD,252.43,905,sell,NYSE
tx_0006179,2025-06-19 10:21:05,MCD,249.42,866,sell,NYSE
tx_0000503,2025-06-19 10:21:09,NFLX,,966,sell,NASDAQ
tx_0008321,2025-06-19 10:21:12,MA,352.71,447,sell,NYSE
tx_0009520,2025-06-19 10:21:14,MSFT,310.0,472,buy,NASDAQ
tx_0005981,2025-06-19 10:21:15,MSFT,314.87,954,buy,NASDAQ
tx_0009959,2025-06-19 10:21:17,TSLA,697.82,204,buy,NASDAQ
tx_0001159,2025-06-19 10:21:18,NVDA,197.35,615,buy,NASDAQ
tx_0008306,2025-06-19 10:21:20,MCD,252.62,744,sell,NYSE
tx_0007168,2025-06-19 10:21:24,PEP,151.65,349,sell,NYSE
tx_0005898,2025-06-19 10:21:25,JNJ,172.11,305,buy,NYSE
tx_0009201,2025-06-19 10:21:27,NVDA,196.36,501,sell,NASDAQ
tx_0000145,2025-06-19 10:21:27,AAPL,147.42,789,sell,NASDAQ
tx_0006645,2025-06-19 10:21:34,MA,346.71,172,sell,NYSE
tx_0002078,2025-06-19 10:21:35,KO,54.57,166,sell,NYSE
tx_0002759,2025-06-19 10:21:39,PEP,149.32,979,sell,NYSE
tx_0007643,2025-06-19 10:21:45,DIS,177.65,570,sell,NYSE
tx_0008533,2025-06-19 10:21:47,NFLX,513.86,510,sell,NASDAQ
tx_0002131,2025-06-19 10:21:47,MCD,251.42,928,sell,NYSE
tx_0004172,2025-06-19 10:21:47,V,217.72,963,sell,NYSE
tx_0002784,2025-06-19 10:21:49,V,219.95,242,buy,NYSE
tx_0000911,2025-06-19 10:21:52,NVDA,197.38,386,sell,NASDAQ
tx_0006430,2025-06-19 10:21:53,PYPL,246.98,188,sell,NASDAQ
tx_0003521,2025-06-19 10:21:54,PEP,149.08,179,sell,NYSE
tx_0003601,2025-06-19 10:21:54,AMZN,3568.01,476,buy,NASDAQ
tx_0001435,2025-06-19 10:21:56,PG,132.48,490,sell,NYSE
tx_0009107,2025-06-19 10:21:57,TSLA,705.02,417,sell,NASDAQ
tx_0000871,2025-06-19 10:21:58,PG,131.79,994,sell,NYSE
tx_0005226,2025-06-19 10:22:00,AAPL,147.67,856,buy,NASDAQ
tx_0001517,2025-06-19 10:22:04,PYPL,251.08,862,buy,NASDAQ
tx_0000103,2025-06-19 10:22:04,GOOGL,2854.28,395,sell,NASDAQ
tx_0000988,2025-06-19 10:22:07,JNJ,172.06,169,sell,NYSE
tx_0006682,2025-06-19 10:22:14,BRK.B,282.51,554,sell,NYSE
tx_0008068,2025-06-19 10:22:14,AMZN,3525.83,244,sell,NASDAQ
tx_0007644,2025-06-19 10:22:18,V,216.84,214,buy,NYSE
tx_0004810,2025-06-19 10:22:20,PG,132.4,436,buy,NYSE
tx_0008996,2025-06-19 10:22:21,NFLX,,746,buy,NASDAQ
tx_0006933,2025-06-19 10:22:22,AAPL,145.66,585,buy,NASDAQ
tx_0006374,2025-06-19 10:22:27,AMZN,3569.54,292,sell,NASDAQ
tx_0003667,2025-06-19 10:22:30,WMT,142.86,323,sell,NYSE
tx_0008670,2025-06-19 10:22:38,FB,336.04,255,buy,NASDAQ
tx_0008443,2025-06-19 10:22:39,BRK.B,282.02,548,sell,NYSE
tx_0005787,2025-06-19 10:22:39,MCD,249.7,404,buy,NYSE
tx_0002649,2025-06-19 10:22:39,NVDA,194.44,108,buy,NASDAQ
tx_0009736,2025-06-19 10:22:46,MSFT,316.04,243,buy,NASDAQ
tx_0006252,2025-06-19 10:22:46,KO,54.3,386,buy,NYSE
tx_0008300,2025-06-19 10:22:47,BRK.B,281.13,901,sell,NYSE
tx_0002912,2025-06-19 10:22:49,KO,53.97,366,sell,NYSE
tx_0002625,2025-06-19 10:22:59,PEP,147.57,347,buy,NYSE
tx_0003044,2025-06-19 10:23:00,WMT,141.66,154,sell,NYSE
tx_0001554,2025-06-19 10:23:01,PEP,147.44,217,sell,NYSE
tx_0004999,2025-06-19 10:23:01,AAPL,146.89,295,buy,NASDAQ
tx_0003823,2025-06-19 10:23:02,PYPL,250.96,522,buy,NASDAQ
tx_0003263,2025-06-19 10:23:07,MA,349.54,859,sell,NYSE
tx_0002838,2025-06-19 10:23:07,MCD,251.57,922,buy,NYSE
tx_0000243,2025-06-19 10:23:08,FB,337.21,550,sell,NASDAQ
tx_0002126,2025-06-19 10:23:19,FB,337.48,947,sell,NASDAQ
tx_0009017,2025-06-19 10:23:22,V,217.05,350,sell,NYSE
tx_0001941,2025-06-19 10:23:25,MA,348.0,434,buy,NYSE
tx_0007834,2025-06-19 10:23:34,PG,131.41,241,sell,NYSE
tx_0008248,2025-06-19 10:23:37,MCD,250.9,843,buy,NYSE
tx_0006406,2025-06-19 10:23:42,NFLX,510.73,223,sell,NASDAQ
tx_0002988,2025-06-19 10:23:42,GOOGL,2863.62,743,sell,NASDAQ
tx_0009018,2025-06-19 10:23:53,PG,131.62,370,buy,NYSE
tx_0003719,2025-06-19 10:23:54,DIS,177.33,699,buy,NYSE
tx_0009884,2025-06-19 10:23:56,FB,336.28,142,buy,NASDAQ
tx_0002385,2025-06-19 10:23:58,PG,130.81,874,sell,NYSE
tx_0000304,2025-06-19 10:23:58,JNJ,170.02,804,sell,NYSE
tx_0007323,2025-06-19 10:24:02,FB,339.09,819,sell,NASDAQ
tx_0000710,2025-06-19 10:24:03,PEP,149.25,740,buy,NYSE
tx_0001725,2025-06-19 10:24:06,DIS,176.37,345,sell,NYSE
tx_0002360,2025-06-19 10:24:06,BRK.B,285.1,654,buy,NYSE
tx_0000755,2025-06-19 10:24:13,PYPL,251.04,795,buy,NASDAQ
tx_0004154,2025-06-19 10:24:13,AMZN,3539.12,287,sell,NASDAQ
tx_0003990,2025-06-19 10:24:16,PYPL,247.42,521,sell,NASDAQ
tx_0007941,2025-06-19 10:24:18,DIS,175.19,814,buy,NYSE
tx_0002212,2025-06-19 10:24:20,PEP,148.41,571,buy,NYSE
tx_0003763,2025-06-19 10:24:20,GOOGL,2856.57,288,sell,NASDAQ
tx_0007606,2025-06-19 10:24:27,DIS,175.32,879,buy,NYSE
tx_0004502,2025-06-19 10:24:32,NFLX,516.13,495,buy,NASDAQ
tx_0008647,2025-06-19 10:24:34,KO,54.62,197,buy,NYSE
tx_0007923,2025-06-19 10:24:35,WMT,140.43,284,sell,NYSE
tx_0001104,2025-06-19 10:24:38,MCD,253.27,955,sell,NYSE
tx_0005147,2025-06-19 10:24:40,FB,340.94,591,buy,NASDAQ
tx_0000109,2025-06-19 10:24:42,TSLA,695.71,989,sell,NASDAQ
tx_0005095,2025-06-19 10:24:47,WMT,141.21,650,buy,NYSE
tx_0003419,2025-06-19 10:24:48,PG,131.99,477,sell,NYSE
tx_0009918,2025-06-19 10:24:50,JNJ,170.68,328,sell,NYSE
tx_0001419,2025-06-19 10:24:52,TSLA,704.19,551,sell,NASDAQ
tx_0007222,2025-06-19 10:24:54,PYPL,246.67,217,buy,NASDAQ
tx_0003718,2025-06-19 10:24:55,PYPL,247.43,403,buy,NASDAQ
tx_0009791,2025-06-19 10:24:56,PG,131.11,522,buy,NYSE
tx_0000488,2025-06-19 10:25:01,PG,131.24,869,sell,NYSE
tx_0005726,2025-06-19 10:25:03,BRK.B,284.68,772,sell,NYSE
tx_0005592,2025-06-19 10:25:04,PG,132.11,191,sell,NYSE
tx_0004681,2025-06-19 10:25:09,NVDA,197.37,517,buy,NASDAQ
tx_0007562,2025-06-19 10:25:10,WMT,140.72,898,buy,NYSE
tx_0004530,2025-06-19 10:25:13,PEP,149.37,634,sell,NYSE
tx_0009049,2025-06-19 10:25:13,PYPL,248.79,569,sell,NASDAQ
tx_0008594,2025-06-19 10:25:17,FB,337.44,160,buy,NASDAQ
tx_0001689,2025-06-19 10:25:17,PYPL,249.68,787,sell,NASDAQ
tx_0007740,2025-06-19 10:25:19,FB,343.39,689,sell,NASDAQ
tx_0007228,2025-06-19 10:25:21,BRK.B,281.75,103,buy,NYSE
tx_0000839,2025-06-19 10:25:27,FB,342.35,587,buy,NASDAQ
tx_0004660,2025-06-19 10:25:28,AAPL,144.97,976,buy,NASDAQ
tx_0003391,2025-06-19 10:25:30,MA,352.07,530,buy,NYSE
tx_0004547,2025-06-19 10:25:34,FB,340.75,575,sell,NASDAQ
tx_0009644,2025-06-19 10:25:34,PEP,151.23,311,buy,NYSE
tx_0000948,2025-06-19 10:25:34,KO,53.58,580,sell,NYSE
tx_0008054,2025-06-19 10:25:37,WMT,141.01,295,buy,NYSE
tx_0008415,2025-06-19 10:25:37,PG,131.26,918,sell,NYSE
tx_0009166,2025-06-19 10:25:43,KO,53.95,149,buy,NYSE
tx_0006820,2025-06-19 10:25:46,AMZN,3540.82,151,sell,NASDAQ
tx_0001672,2025-06-19 10:25:49,NFLX,520.1,971,sell,NASDAQ
tx_0001710,2025-06-19 10:25:52,WMT,140.09,183,buy,NYSE
tx_0002812,2025-06-19 10:26:04,MSFT,318.01,313,sell,NASDAQ
tx_0004312,2025-06-19 10:26:04,FB,340.59,662,sell,NASDAQ
tx_0003558,2025-06-19 10:26:09,PEP,150.2,909,buy,NYSE
tx_0007600,2025-06-19 10:26:12,MCD,251.72,159,sell,NYSE
tx_0009230,2025-06-19 10:26:13,PG,132.02,350,sell,NYSE
tx_0004273,2025-06-19 10:26:16,NFLX,517.2,409,buy,NASDAQ
tx_0005700,2025-06-19 10:26:17,AMZN,3548.29,578,sell,NASDAQ
tx_0009151,2025-06-19 10:26:19,NVDA,195.09,631,buy,NASDAQ
tx_0003146,2025-06-19 10:26:28,DIS,176.02,405,sell,NYSE
tx_0007221,2025-06-19 10:26:29,NFLX,516.61,661,buy,NASDAQ
tx_0007247,2025-06-19 10:26:31,WMT,140.72,700,sell,NYSE
tx_0008755,2025-06-19 10:26:32,DIS,177.82,376,sell,NYSE
tx_0008752,2025-06-19 10:26:33,PYPL,244.61,924,buy,NASDAQ
tx_0006399,2025-06-19 10:26:39,KO,54.29,624,buy,NYSE
tx_0001335,2025-06-19 10:26:41,FB,341.21,288,buy,NASDAQ
tx_0009996,2025-06-19 10:26:42,GOOGL,2862.35,533,buy,NASDAQ
tx_0008354,2025-06-19 10:26:43,GOOGL,2836.95,562,buy,NASDAQ
tx_0002238,2025-06-19 10:26:45,TSLA,702.75,960,sell,NASDAQ
tx_0008901,2025-06-19 10:26:45,MSFT,318.04,794,buy,NASDAQ
tx_0003664,2025-06-19 10:26:47,DIS,178.45,925,buy,NYSE
tx_0002321,2025-06-19 10:26:51,BRK.B,282.71,116,buy,NYSE
tx_0007625,2025-06-19 10:27:03,AMZN,3598.03,794,sell,NASDAQ
tx_0003758,2025-06-19 10:27:11,GOOGL,2852.1,470,sell,NASDAQ
tx_0002524,2025-06-19 10:27:13,AAPL,145.84,687,buy,NASDAQ
tx_0005998,2025-06-19 10:27:16,MSFT,317.75,121,sell,NASDAQ
tx_0009849,2025-06-19 10:27:16,DIS,177.05,322,sell,NYSE
tx_0007919,2025-06-19 10:27:18,MCD,253.6,780,sell,NYSE
tx_0008784,2025-06-19 10:27:20,MCD,253.25,908,buy,NYSE
tx_0004868,2025-06-19 10:27:21,JNJ,173.1,995,sell,NYSE
tx_0004620,2025-06-19 10:27:24,MA,352.81,304,sell,NYSE
tx_0007515,2025-06-19 10:27:28,V,219.32,625,buy,NYSE
tx_0008115,2025-06-19 10:27:29,AMZN,3555.15,805,sell,NASDAQ
tx_0006988,2025-06-19 10:27:30,NFLX,519.16,302,buy,NASDAQ
tx_0006154,2025-06-19 10:27:38,KO,53.65,802,buy,NYSE
tx_0009988,2025-06-19 10:27:39,MSFT,317.68,224,sell,NASDAQ
tx_0004990,2025-06-19 10:27:49,WMT,142.56,843,buy,NYSE
tx_0003944,2025-06-19 10:28:06,NFLX,511.72,945,sell,NASDAQ
tx_0006895,2025-06-19 10:28:06,PEP,150.56,786,sell,NYSE
tx_0008350,2025-06-19 10:28:08,JNJ,172.89,402,buy,NYSE
tx_0004700,2025-06-19 10:28:10,MCD,254.07,421,sell,NYSE
tx_0007427,2025-06-19 10:28:10,PG,130.62,393,buy,NYSE
tx_0001122,2025-06-19 10:28:13,JNJ,171.15,456,buy,NYSE
tx_0000582,2025-06-19 10:28:13,BRK.B,281.52,707,sell,NYSE
tx_0004733,2025-06-19 10:28:14,MCD,256.99,124,sell,NYSE
tx_0002513,2025-06-19 10:28:14,WMT,142.69,275,buy,NYSE
tx_0001479,2025-06-19 10:28:14,V,218.47,999,buy,NYSE
tx_0003297,2025-06-19 10:28:16,MSFT,314.39,951,buy,NASDAQ
tx_0000926,2025-06-19 10:28:17,NVDA,196.97,944,sell,NASDAQ
tx_0007730,2025-06-19 10:28:18,DIS,177.29,283,buy,NYSE
tx_0008346,2025-06-19 10:28:18,FB,342.42,790,sell,NASDAQ
tx_0006001,2025-06-19 10:28:19,GOOGL,2855.54,358,sell,NASDAQ
tx_0009803,2025-06-19 10:28:21,NFLX,515.98,153,sell,NASDAQ
tx_0005715,2025-06-19 10:28:22,ADBE,592.86,204,buy,NASDAQ
tx_0007661,2025-06-19 10:28:22,PEP,150.4,610,buy,NYSE
tx_0000179,2025-06-19 10:28:25,DIS,175.95,231,sell,NYSE
tx_0002512,2025-06-19 10:28:31,GOOGL,2860.2,644,sell,NASDAQ
tx_0008911,2025-06-19 10:28:34,ADBE,591.02,752,sell,NASDAQ
tx_0008790,2025-06-19 10:28:35,PG,130.73,450,sell,NYSE
tx_0005996,2025-06-19 10:28:36,TSLA,699.06,955,sell,NASDAQ
tx_0009683,2025-06-19 10:28:39,PG,132.46,407,buy,NYSE
tx_0000841,2025-06-19 10:28:41,PYPL,242.9,712,sell,NASDAQ
tx_0006182,2025-06-19 10:28:43,MCD,254.41,504,buy,NYSE
tx_0001337,2025-06-19 10:28:47,MCD,252.05,343,sell,NYSE
tx_0003739,2025-06-19 10:28:50,DIS,177.49,773,buy,NYSE
tx_0009288,2025-06-19 10:28:55,PEP,150.05,645,buy,NYSE
tx_0006580,2025-06-19 10:29:02,FB,337.92,751,sell,NASDAQ
tx_0002535,2025-06-19 10:29:03,AMZN,3561.05,903,sell,NASDAQ
tx_0009298,2025-06-19 10:29:05,NVDA,194.67,530,buy,NASDAQ
tx_0005835,2025-06-19 10:29:05,MCD,256.43,181,sell,NYSE
tx_0003130,2025-06-19 10:29:06,PEP,150.24,930,sell,NYSE
tx_0002354,2025-06-19 10:29:07,V,218.7,151,buy,NYSE
tx_0006246,2025-06-19 10:29:09,PG,130.59,611,sell,NYSE
tx_0004416,2025-06-19 10:29:10,KO,53.71,501,buy,NYSE
tx_0000862,2025-06-19 10:29:11,MA,357.17,1000,sell,NYSE
tx_0009176,2025-06-19 10:29:12,MCD,256.61,178,sell,NYSE
tx_0000993,2025-06-19 10:29:13,KO,53.54,206,sell,NYSE
tx_0001075,2025-06-19 10:29:13,PYPL,245.63,847,sell,NASDAQ
tx_0002293,2025-06-19 10:29:14,MSFT,317.64,267,buy,NASDAQ
tx_0002410,2025-06-19 10:29:21,BRK.B,283.54,958,buy,NYSE
tx_0005588,2025-06-19 10:29:22,PYPL,246.09,782,sell,NASDAQ
tx_0009619,2025-06-19 10:29:23,DIS,176.21,681,buy,NYSE
tx_0003996,2025-06-19 10:29:27,TSLA,699.03,908,sell,NASDAQ
tx_0008824,2025-06-19 10:29:28,AAPL,147.84,392,sell,NASDAQ
tx_0000176,2025-06-19 10:29:30,KO,53.48,745,sell,NYSE
tx_0001716,2025-06-19 10:29:34,PEP,150.7,715,sell,NYSE
tx_0001938,2025-06-19 10:29:39,PG,131.16,316,sell,NYSE
tx_0003893,2025-06-19 10:29:41,ADBE,584.99,112,sell,NASDAQ
tx_0002943,2025-06-19 10:29:42,DIS,176.92,390,sell,NYSE
tx_0008652,2025-06-19 10:29:43,BRK.B,285.2,698,sell,NYSE
tx_0007469,2025-06-19 10:29:44,TSLA,702.92,621,sell,NASDAQ
tx_0007333,2025-06-19 10:29:46,AAPL,,371,sell,NASDAQ
tx_0008769,2025-06-19 10:29:49,JNJ,171.38,637,sell,NYSE
tx_0002458,2025-06-19 10:29:49,BRK.B,281.59,767,sell,NYSE
tx_0006947,2025-06-19 10:29:49,JNJ,172.45,766,sell,NYSE
tx_0006226,2025-06-19 10:29:50,PG,130.92,395,sell,NYSE
tx_0007884,2025-06-19 10:29:51,FB,339.14,594,sell,NASDAQ
tx_0000430,2025-06-19 10:29:52,PEP,149.57,435,buy,NYSE
tx_0006264,2025-06-19 10:29:53,PYPL,242.84,197,sell,NASDAQ
tx_0001317,2025-06-19 10:30:00,MSFT,318.09,500,buy,NASDAQ
tx_0008197,2025-06-19 10:30:03,TSLA,703.93,307,sell,NASDAQ
tx_0008598,2025-06-19 10:30:03,PG,130.82,531,sell,NYSE
tx_0006328,2025-06-19 10:30:04,TSLA,694.44,295,buy,NASDAQ
tx_0008152,2025-06-19 10:30:06,MCD,256.89,359,sell,NYSE
tx_0004849,2025-06-19 10:30:07,WMT,142.74,892,buy,NYSE
tx_0007860,2025-06-19 10:30:08,JNJ,173.34,438,buy,NYSE
tx_0003959,2025-06-19 10:30:11,JNJ,171.34,859,sell,NYSE
tx_0009626,2025-06-19 10:30:14,FB,341.73,900,buy,NASDAQ
tx_0001834,2025-06-19 10:30:14,FB,338.22,567,sell,NASDAQ
tx_0000199,2025-06-19 10:30:16,BRK.B,283.98,967,sell,NYSE
tx_0001785,2025-06-19 10:30:17,GOOGL,2850.93,888,buy,NASDAQ
tx_0005264,2025-06-19 10:30:20,V,218.13,376,sell,NYSE
tx_0007363,2025-06-19 10:30:21,DIS,176.46,657,buy,NYSE
tx_0006389,2025-06-19 10:30:23,PG,130.34,702,sell,NYSE
tx_0009020,2025-06-19 10:30:24,V,217.37,243,buy,NYSE
tx_0003112,2025-06-19 10:30:28,TSLA,694.46,564,buy,NASDAQ
tx_0007693,2025-06-19 10:30:28,KO,53.66,285,sell,NYSE
tx_0003911,2025-06-19 10:30:32,GOOGL,2855.19,350,buy,NASDAQ
tx_0007047,2025-06-19 10:30:35,WMT,142.52,461,buy,NYSE
tx_0001383,2025-06-19 10:30:35,MA,355.09,178,buy,NYSE
tx_0003542,2025-06-19 10:30:36,PG,130.65,610,sell,NYSE
tx_0008549,2025-06-19 10:30:37,WMT,142.45,958,sell,NYSE
tx_0003307,2025-06-19 10:30:39,JNJ,173.07,453,buy,NYSE
tx_0000270,2025-06-19 10:30:40,PEP,152.4,158,buy,NYSE
tx_0008721,2025-06-19 10:30:42,ADBE,590.01,937,buy,NASDAQ
tx_0003999,2025-06-19 10:30:46,WMT,143.17,614,buy,NYSE
tx_0007523,2025-06-19 10:30:46,MSFT,318.33,794,sell,NASDAQ
tx_0007051,2025-06-19 10:30:47,WMT,143.48,399,buy,NYSE
tx_0006032,2025-06-19 10:30:47,AMZN,3615.87,815,sell,NASDAQ
tx_0000518,2025-06-19 10:30:48,MA,350.89,848,buy,NYSE
tx_0003817,2025-06-19 10:30:48,TSLA,701.09,575,sell,NASDAQ
tx_0009949,2025-06-19 10:30:55,PYPL,242.79,300,sell,NASDAQ
tx_0003468,2025-06-19 10:30:57,NFLX,518.23,944,buy,NASDAQ
tx_0001979,2025-06-19 10:31:00,MSFT,320.74,139,buy,NASDAQ
tx_0005027,2025-06-19 10:31:03,NFLX,514.88,466,sell,NASDAQ
tx_0006671,2025-06-19 10:31:04,MSFT,319.26,156,sell,NASDAQ
tx_0003519,2025-06-19 10:31:05,WMT,143.84,723,buy,NYSE
tx_0005455,2025-06-19 10:31:16,AAPL,146.02,841,sell,NASDAQ
tx_0003062,2025-06-19 10:31:17,ADBE,585.06,259,sell,NASDAQ
tx_0003867,2025-06-19 10:31:17,PEP,152.18,221,sell,NYSE
tx_0001275,2025-06-19 10:31:22,PEP,151.93,164,buy,NYSE
tx_0004528,2025-06-19 10:31:24,PEP,152.65,822,sell,NYSE
tx_0001449,2025-06-19 10:31:26,ADBE,588.39,193,buy,NASDAQ
tx_0003735,2025-06-19 10:31:27,MA,355.05,440,buy,NYSE
tx_0006460,2025-06-19 10:31:39,GOOGL,2841.95,989,sell,NASDAQ
tx_0004976,2025-06-19 10:31:39,PEP,150.59,195,buy,NYSE
tx_0003147,2025-06-19 10:31:41,MA,357.4,622,buy,
tx_0003160,2025-06-19 10:31:43,PG,131.12,805,sell,NYSE
tx_0008890,2025-06-19 10:31:44,BRK.B,281.62,967,buy,NYSE
tx_0009302,2025-06-19 10:31:45,PG,131.87,461,buy,NYSE
tx_0008544,2025-06-19 10:31:46,MSFT,318.2,119,buy,NASDAQ
tx_0008819,2025-06-19 10:31:59,NFLX,518.86,130,sell,NASDAQ
tx_0007130,2025-06-19 10:32:01,TSLA,699.42,538,buy,NASDAQ
tx_0000065,2025-06-19 10:32:02,PEP,152.32,733,buy,NYSE
tx_0005971,2025-06-19 10:32:04,AMZN,3590.4,766,sell,NASDAQ
tx_0002372,2025-06-19 10:32:05,V,221.05,548,sell,NYSE
tx_0008788,2025-06-19 10:32:10,BRK.B,279.0,677,sell,NYSE
tx_0008596,2025-06-19 10:32:14,MA,354.32,274,buy,NYSE
tx_0009405,2025-06-19 10:32:15,MCD,256.63,602,buy,NYSE
tx_0007037,2025-06-19 10:32:24,WMT,144.25,267,sell,NYSE
tx_0007233,2025-06-19 10:32:28,JNJ,171.99,783,buy,NYSE
tx_0009424,2025-06-19 10:32:29,AAPL,146.05,818,sell,NASDAQ
tx_0006631,2025-06-19 10:32:33,MCD,255.56,449,sell,NYSE
tx_0000043,2025-06-19 10:32:44,PYPL,246.3,505,sell,NASDAQ
tx_0008495,2025-06-19 10:32:45,MSFT,314.82,253,buy,NASDAQ
tx_0008955,2025-06-19 10:32:47,MCD,255.98,768,buy,NYSE
tx_0006434,2025-06-19 10:32:47,GOOGL,2841.07,271,sell,NASDAQ
tx_0007779,2025-06-19 10:32:48,NVDA,197.35,683,sell,NASDAQ
tx_0002969,2025-06-19 10:32:48,PYPL,245.63,687,buy,NASDAQ
tx_0007343,2025-06-19 10:32:50,FB,338.84,124,sell,NASDAQ
tx_0000931,2025-06-19 10:32:53,NFLX,519.67,887,sell,NASDAQ
tx_0003983,2025-06-19 10:32:55,BRK.B,281.89,359,buy,NYSE
tx_0003396,2025-06-19 10:32:55,PG,131.68,805,buy,NYSE
tx_0007560,2025-06-19 10:32:56,ADBE,586.6,471,sell,NASDAQ
tx_0000924,2025-06-19 10:33:00,NVDA,194.92,758,sell,NASDAQ
tx_0004176,2025-06-19 10:33:00,JNJ,173.44,941,sell,NYSE
tx_0000739,2025-06-19 10:33:05,MCD,254.12,675,sell,NYSE
tx_0007669,2025-06-19 10:33:10,WMT,141.75,601,sell,NYSE
tx_0000634,2025-06-19 10:33:11,ADBE,588.23,323,sell,NASDAQ
tx_0004206,2025-06-19 10:33:14,TSLA,693.4,578,buy,NASDAQ
tx_0004947,2025-06-19 10:33:15,MA,355.04,234,buy,NYSE
tx_0000033,2025-06-19 10:33:17,MSFT,320.64,481,sell,NASDAQ
tx_0006025,2025-06-19 10:33:18,ADBE,588.76,224,buy,NASDAQ
tx_0002551,2025-06-19 10:33:23,NVDA,197.96,487,sell,NASDAQ
tx_0005096,2025-06-19 10:33:32,AMZN,3587.18,808,buy,NASDAQ
tx_0008930,2025-06-19 10:33:32,MSFT,319.66,394,buy,NASDAQ
tx_0001454,2025-06-19 10:33:34,KO,,890,sell,NYSE
tx_0009543,2025-06-19 10:33:35,TSLA,701.01,687,sell,NASDAQ
tx_0007991,2025-06-19 10:33:38,PG,130.89,343,,NYSE
tx_0008155,2025-06-19 10:33:39,JNJ,173.62,640,sell,NYSE
tx_0004136,2025-06-19 10:33:41,AAPL,144.58,490,sell,NASDAQ
tx_0009653,2025-06-19 10:33:46,NVDA,196.54,977,sell,NASDAQ
tx_0002447,2025-06-19 10:33:54,TSLA,696.32,268,buy,NASDAQ
tx_0005662,2025-06-19 10:33:55,MA,354.85,814,sell,NYSE
tx_0009966,2025-06-19 10:33:56,BRK.B,279.82,155,sell,NYSE
tx_0003578,2025-06-19 10:33:56,AMZN,3600.79,799,buy,NASDAQ
tx_0005758,2025-06-19 10:34:00,AAPL,146.14,351,buy,NASDAQ
tx_0007705,2025-06-19 10:34:00,DIS,177.1,207,buy,NYSE
tx_0000470,2025-06-19 10:34:01,PYPL,246.66,154,buy,NASDAQ
tx_0003953,2025-06-19 10:34:05,NVDA,196.47,419,buy,NASDAQ
tx_0000329,2025-06-19 10:34:06,KO,53.15,413,sell,NYSE
tx_0004020,2025-06-19 10:34:07,MA,357.78,400,buy,NYSE
tx_0000392,2025-06-19 10:34:08,TSLA,695.34,118,buy,NASDAQ
tx_0006373,2025-06-19 10:34:12,GOOGL,2836.67,244,buy,NASDAQ
tx_0001886,2025-06-19 10:34:20,GOOGL,2872.41,847,buy,NASDAQ
tx_0003254,2025-06-19 10:34:20,PEP,150.41,831,buy,NYSE
tx_0005406,2025-06-19 10:34:23,BRK.B,281.31,838,buy,NYSE
tx_0000894,2025-06-19 10:34:25,PG,131.92,695,sell,NYSE
tx_0009370,2025-06-19 10:34:27,WMT,143.5,458,sell,NYSE
tx_0005609,2025-06-19 10:34:28,MA,356.83,286,buy,NYSE
tx_0009841,2025-06-19 10:34:32,MSFT,319.07,333,sell,NASDAQ
tx_0001551,2025-06-19 10:34:34,PYPL,246.36,549,sell,NASDAQ
tx_0007106,2025-06-19 10:34:37,TSLA,698.25,456,buy,NASDAQ
tx_0007764,2025-06-19 10:34:42,JNJ,173.53,694,sell,NYSE
tx_0005491,2025-06-19 10:34:42,ADBE,593.24,949,buy,NASDAQ
tx_0006531,2025-06-19 10:34:42,MCD,253.79,639,buy,NYSE
tx_0008433,2025-06-19 10:34:44,TSLA,703.1,297,buy,NASDAQ
tx_0006721,2025-06-19 10:34:45,DIS,177.15,266,buy,NYSE
tx_0000797,2025-06-19 10:34:49,JNJ,173.95,717,sell,NYSE
tx_0004885,2025-06-19 10:34:49,TSLA,,661,sell,NASDAQ
tx_0005657,2025-06-19 10:34:53,GOOGL,2893.48,373,buy,NASDAQ
tx_0005283,2025-06-19 10:34:55,PG,130.21,216,sell,NYSE
tx_0003888,2025-06-19 10:34:55,BRK.B,279.21,350,buy,NYSE
tx_0008411,2025-06-19 10:34:56,WMT,144.34,218,buy,NYSE
tx_0006632,2025-06-19 10:34:58,DIS,176.41,604,sell,NYSE
tx_0003949,2025-06-19 10:35:01,BRK.B,283.29,512,buy,NYSE
tx_0003289,2025-06-19 10:35:02,GOOGL,2860.23,220,sell,NASDAQ
tx_0007304,2025-06-19 10:35:02,GOOGL,2870.74,165,sell,NASDAQ
tx_0003402,2025-06-19 10:35:05,ADBE,595.87,470,sell,NASDAQ
tx_0003174,2025-06-19 10:35:05,MA,359.16,710,buy,NYSE
tx_0006973,2025-06-19 10:35:07,JNJ,171.59,837,sell,NYSE
tx_0008176,2025-06-19 10:35:09,PEP,149.89,336,buy,NYSE
tx_0006063,2025-06-19 10:35:10,AAPL,146.15,141,buy,NASDAQ
tx_0002026,2025-06-19 10:35:12,KO,53.72,806,sell,NYSE
tx_0004826,2025-06-19 10:35:13,MCD,253.61,504,,NYSE
tx_0007514,2025-06-19 10:35:13,MSFT,317.88,612,buy,NASDAQ
tx_0004044,2025-06-19 10:35:14,PEP,150.41,343,buy,NYSE
tx_0007122,2025-06-19 10:35:17,WMT,144.47,128,buy,NYSE
tx_0003367,2025-06-19 10:35:19,AMZN,3548.02,759,sell,NASDAQ
tx_0007109,2025-06-19 10:35:20,JNJ,172.29,710,sell,NYSE
tx_0003617,2025-06-19 10:35:23,TSLA,692.55,925,buy,NASDAQ
tx_0008624,2025-06-19 10:35:28,PYPL,246.32,690,sell,NASDAQ
tx_0001915,2025-06-19 10:35:34,BRK.B,283.71,824,sell,NYSE
tx_0004823,2025-06-19 10:35:34,AAPL,144.13,400,sell,NASDAQ
tx_0005081,2025-06-19 10:35:37,GOOGL,2868.01,384,buy,NASDAQ
tx_0001860,2025-06-19 10:35:38,GOOGL,2914.9,485,buy,NASDAQ
tx_0001160,2025-06-19 10:35:42,TSLA,698.76,928,buy,NASDAQ
tx_0007156,2025-06-19 10:35:42,MSFT,318.17,934,sell,NASDAQ
tx_0006640,2025-06-19 10:35:52,BRK.B,,111,sell,NYSE
tx_0009846,2025-06-19 10:35:58,JNJ,171.57,719,buy,NYSE
tx_0009748,2025-06-19 10:35:59,MCD,253.71,787,buy,NYSE
tx_0000386,2025-06-19 10:36:01,FB,339.97,362,sell,NASDAQ
tx_0002845,2025-06-19 10:36:03,GOOGL,2880.05,344,sell,NASDAQ
tx_0008000,2025-06-19 10:36:07,V,223.34,741,buy,NYSE
tx_0006706,2025-06-19 10:36:08,ADBE,591.29,892,buy,NASDAQ
tx_0002198,2025-06-19 10:36:12,MCD,250.57,661,sell,NYSE
tx_0000783,2025-06-19 10:36:18,MSFT,319.65,755,sell,NASDAQ
tx_0005602,2025-06-19 10:36:18,WMT,143.61,862,sell,NYSE
tx_0003614,2025-06-19 10:36:20,TSLA,,483,buy,NASDAQ
tx_0000431,2025-06-19 10:36:20,NVDA,194.92,290,sell,NASDAQ
tx_0005743,2025-06-19 10:36:22,V,224.03,667,sell,NYSE
tx_0002516,2025-06-19 10:36:27,PEP,150.52,299,buy,NYSE
tx_0004072,2025-06-19 10:36:31,AAPL,145.14,376,sell,NASDAQ
tx_0003751,2025-06-19 10:36:32,KO,53.77,132,buy,NYSE
tx_0000615,2025-06-19 10:36:34,PG,130.99,219,sell,NYSE
tx_0005404,2025-06-19 10:36:35,V,224.46,152,buy,NYSE
tx_0005269,2025-06-19 10:36:36,GOOGL,2897.83,752,buy,NASDAQ
tx_0000825,2025-06-19 10:36:41,PEP,153.5,384,buy,NYSE
tx_0007519,2025-06-19 10:36:45,GOOGL,2898.54,452,buy,NASDAQ
tx_0008986,2025-06-19 10:36:46,V,224.56,445,sell,NYSE
tx_0002633,2025-06-19 10:36:49,MCD,251.09,989,buy,NYSE
tx_0002677,2025-06-19 10:36:50,TSLA,688.07,226,buy,NASDAQ
tx_0005384,2025-06-19 10:36:51,PG,130.9,306,buy,NYSE
tx_0002797,2025-06-19 10:36:54,DIS,176.72,316,buy,NYSE
tx_0009675,2025-06-19 10:36:56,ADBE,590.77,385,buy,
tx_0001863,2025-06-19 10:36:57,ADBE,589.16,511,sell,NASDAQ
tx_0008435,2025-06-19 10:37:00,PEP,153.38,639,sell,NYSE
tx_0000020,2025-06-19 10:37:00,WMT,141.96,122,buy,NYSE
tx_0006610,2025-06-19 10:37:02,NVDA,195.38,884,buy,NASDAQ
tx_0004414,2025-06-19 10:37:06,MCD,251.8,100,sell,NYSE
tx_0009978,2025-06-19 10:37:07,KO,52.84,697,buy,NYSE
tx_0001841,2025-06-19 10:37:14,PEP,151.71,967,buy,NYSE
tx_0004056,2025-06-19 10:37:16,FB,342.43,144,buy,NASDAQ
tx_0007702,2025-06-19 10:37:22,DIS,175.1,951,sell,NYSE
tx_0004181,2025-06-19 10:37:22,AAPL,144.57,418,sell,NASDAQ
tx_0004470,2025-06-19 10:37:24,AAPL,145.94,763,sell,NASDAQ
tx_0008178,2025-06-19 10:37:24,AMZN,3551.61,787,buy,NASDAQ
tx_0005694,2025-06-19 10:37:24,ADBE,587.03,146,buy,NASDAQ
tx_0001712,2025-06-19 10:37:27,WMT,142.31,142,buy,NYSE
tx_0009902,2025-06-19 10:37:28,BRK.B,280.74,644,sell,NYSE
tx_0008455,2025-06-19 10:37:30,NFLX,523.03,447,sell,NASDAQ
tx_0002116,2025-06-19 10:37:30,NFLX,518.48,771,sell,NASDAQ
tx_0007450,2025-06-19 10:37:34,WMT,142.32,759,sell,NYSE
tx_0005547,2025-06-19 10:37:39,PYPL,247.16,369,buy,NASDAQ
tx_0000099,2025-06-19 10:37:42,FB,340.84,590,sell,NASDAQ
tx_0000318,2025-06-19 10:37:43,V,222.47,825,buy,NYSE
tx_0007939,2025-06-19 10:37:43,AMZN,3563.26,444,buy,NASDAQ
tx_0008640,2025-06-19 10:37:47,MSFT,314.57,826,sell,NASDAQ
tx_0003127,2025-06-19 10:37:48,GOOGL,2913.29,689,buy,NASDAQ
tx_0008168,2025-06-19 10:37:49,FB,338.59,920,sell,NASDAQ
tx_0007186,2025-06-19 10:37:52,NFLX,520.02,187,sell,NASDAQ
tx_0009989,2025-06-19 10:37:55,AAPL,144.1,860,sell,NASDAQ
tx_0001560,2025-06-19 10:38:01,TSLA,694.36,697,sell,NASDAQ
tx_0005677,2025-06-19 10:38:06,FB,336.05,510,buy,NASDAQ
tx_0002178,2025-06-19 10:38:08,JNJ,173.36,109,sell,NYSE
tx_0009475,2025-06-19 10:38:11,ADBE,587.72,545,buy,NASDAQ
tx_0008448,2025-06-19 10:38:13,V,223.9,267,buy,NYSE
tx_0007772,2025-06-19 10:38:15,KO,52.56,443,buy,NYSE
tx_0009215,2025-06-19 10:38:16,MA,357.89,128,sell,NYSE
tx_0007794,2025-06-19 10:38:16,FB,341.77,869,buy,NASDAQ
tx_0005697,2025-06-19 10:38:17,MSFT,319.51,495,buy,NASDAQ
tx_0002672,2025-06-19 10:38:19,WMT,143.41,913,buy,NYSE
tx_0005031,2025-06-19 10:38:21,WMT,141.15,325,buy,NYSE
tx_0007662,2025-06-19 10:38:21,MA,359.59,634,sell,NYSE
tx_0007870,2025-06-19 10:38:23,JNJ,173.31,141,sell,NYSE
tx_0005270,2025-06-19 10:38:27,PYPL,249.68,157,buy,NASDAQ
tx_0007849,2025-06-19 10:38:29,WMT,142.89,111,buy,NYSE
tx_0001172,2025-06-19 10:38:30,AMZN,3535.73,321,sell,NASDAQ
