transaction_id,timestamp,stock_symbol,price,quantity,order_type,exchange
tx_0003725,2025-06-14 09:30:03,DIS,180.5,696,sell,NYSE
tx_0004550,2025-06-14 09:30:06,DIS,180.02,686,sell,NYSE
tx_0001342,2025-06-14 09:30:09,WMT,141.18,474,,NYSE
tx_0002497,2025-06-14 09:30:10,DIS,180.01,259,sell,NYSE
tx_0002102,2025-06-14 09:30:12,PG,140.48,274,buy,NYSE
tx_0009971,2025-06-14 09:30:15,DIS,181.13,393,buy,NYSE
tx_0007826,2025-06-14 09:30:17,PYPL,250.04,581,sell,NASDAQ
tx_0004467,2025-06-14 09:30:21,AAPL,148.66,994,buy,NASDAQ
tx_0002674,2025-06-14 09:30:21,MA,346.57,701,buy,NYSE
tx_0006463,2025-06-14 09:30:21,MA,348.55,176,buy,NYSE
tx_0001891,2025-06-14 09:30:22,PEP,149.65,875,buy,NYSE
tx_0009302,2025-06-14 09:30:24,PG,141.16,564,buy,NYSE
tx_0006372,2025-06-14 09:30:28,DIS,179.5,561,sell,NYSE
tx_0000457,2025-06-14 09:30:33,MCD,252.86,513,buy,NYSE
tx_0009133,2025-06-14 09:30:37,NVDA,199.54,255,sell,NASDAQ
tx_0005200,2025-06-14 09:30:39,MSFT,301.56,592,sell,NASDAQ
tx_0004149,2025-06-14 09:30:42,MCD,250.04,820,buy,NYSE
tx_0003795,2025-06-14 09:30:43,AAPL,149.15,519,sell,NASDAQ
tx_0004933,2025-06-14 09:30:54,PYPL,251.8,293,sell,NASDAQ
tx_0001412,2025-06-14 09:30:55,NVDA,202.62,353,buy,NASDAQ
tx_0007906,2025-06-14 09:30:58,PG,140.5,584,buy,NYSE
tx_0009660,2025-06-14 09:30:58,NVDA,201.33,216,buy,NASDAQ
tx_0004843,2025-06-14 09:30:58,JNJ,169.26,321,sell,NYSE
tx_0003335,2025-06-14 09:30:58,JNJ,167.89,510,sell,NYSE
tx_0009860,2025-06-14 09:30:59,PEP,149.59,808,,
tx_0004275,2025-06-14 09:31:01,TSLA,704.88,181,sell,NASDAQ
tx_0008934,2025-06-14 09:31:06,AAPL,150.09,349,sell,NASDAQ
tx_0006216,2025-06-14 09:31:08,PG,140.53,736,sell,NYSE
tx_0004366,2025-06-14 09:31:10,MSFT,300.81,886,sell,NASDAQ
tx_0003697,2025-06-14 09:31:11,PEP,150.73,744,sell,NYSE
tx_0001811,2025-06-14 09:31:12,TSLA,,546,buy,NASDAQ
tx_0006589,2025-06-14 09:31:15,JNJ,,608,buy,NYSE
tx_0006257,2025-06-14 09:31:17,NFLX,502.1,558,buy,NASDAQ
tx_0004829,2025-06-14 09:31:19,DIS,179.14,134,sell,NYSE
tx_0001708,2025-06-14 09:31:26,PYPL,249.31,104,,NASDAQ
tx_0002070,2025-06-14 09:31:26,MSFT,297.26,353,sell,NASDAQ
tx_0004107,2025-06-14 09:31:26,WMT,141.46,989,buy,NYSE
tx_0006975,2025-06-14 09:31:27,GOOGL,2802.48,582,sell,NASDAQ
tx_0008145,2025-06-14 09:31:28,AAPL,150.59,268,sell,NASDAQ
tx_0001594,2025-06-14 09:31:29,MSFT,301.29,572,buy,NASDAQ
tx_0002018,2025-06-14 09:31:30,PYPL,251.66,565,buy,NASDAQ
tx_0009925,2025-06-14 09:31:33,WMT,142.16,114,buy,
tx_0007706,2025-06-14 09:31:35,PEP,149.24,183,sell,NYSE
tx_0002630,2025-06-14 09:31:36,JNJ,167.8,724,sell,NYSE
tx_0003855,2025-06-14 09:31:37,PEP,148.7,738,buy,NYSE
tx_0008278,2025-06-14 09:31:42,V,217.04,679,sell,NYSE
tx_0001174,2025-06-14 09:31:44,MCD,253.01,497,buy,NYSE
tx_0009567,2025-06-14 09:31:48,MCD,251.52,569,sell,NYSE
tx_0006156,2025-06-14 09:31:49,TSLA,706.3,530,buy,NASDAQ
tx_0002747,2025-06-14 09:31:50,MCD,252.82,374,buy,NYSE
tx_0003156,2025-06-14 09:31:50,JNJ,169.07,414,sell,NYSE
tx_0007638,2025-06-14 09:31:53,TSLA,710.26,819,sell,NASDAQ
tx_0009318,2025-06-14 09:31:55,PG,139.76,681,buy,NYSE
tx_0002427,2025-06-14 09:31:55,NFLX,504.21,840,buy,NASDAQ
tx_0002892,2025-06-14 09:31:57,NVDA,200.89,606,buy,NASDAQ
tx_0006674,2025-06-14 09:31:57,DIS,180.13,902,sell,NYSE
tx_0008380,2025-06-14 09:31:57,V,217.0,678,sell,NYSE
tx_0001185,2025-06-14 09:32:01,PG,138.68,605,buy,NYSE
tx_0003399,2025-06-14 09:32:04,NFLX,501.49,955,sell,NASDAQ
tx_0009893,2025-06-14 09:32:06,WMT,140.73,455,sell,NYSE
tx_0003301,2025-06-14 09:32:12,TSLA,701.25,438,buy,NASDAQ
tx_0000545,2025-06-14 09:32:16,PYPL,249.73,503,buy,
tx_0007888,2025-06-14 09:32:26,NVDA,201.05,901,buy,NASDAQ
tx_0005552,2025-06-14 09:32:28,MSFT,302.46,478,sell,NASDAQ
tx_0007731,2025-06-14 09:32:29,TSLA,710.53,644,sell,NASDAQ
tx_0009946,2025-06-14 09:32:30,KO,54.57,839,buy,NYSE
tx_0003891,2025-06-14 09:32:33,MSFT,296.97,380,buy,NASDAQ
tx_0008459,2025-06-14 09:32:37,ADBE,601.94,951,buy,NASDAQ
tx_0007205,2025-06-14 09:32:37,DIS,181.39,983,buy,NYSE
tx_0004791,2025-06-14 09:32:40,MA,352.34,715,buy,NYSE
tx_0007553,2025-06-14 09:32:43,NFLX,502.25,874,sell,NASDAQ
tx_0009152,2025-06-14 09:32:43,ADBE,605.73,272,buy,NASDAQ
tx_0000007,2025-06-14 09:32:44,KO,54.58,967,,NYSE
tx_0009767,2025-06-14 09:32:44,GOOGL,2764.17,129,sell,NASDAQ
tx_0005068,2025-06-14 09:32:48,BRK.B,274.44,977,sell,NYSE
tx_0006423,2025-06-14 09:32:49,DIS,180.36,839,buy,NYSE
tx_0003724,2025-06-14 09:32:50,NFLX,503.58,132,sell,NASDAQ
tx_0007364,2025-06-14 09:32:52,NFLX,501.67,570,buy,NASDAQ
tx_0004714,2025-06-14 09:32:52,PYPL,249.1,232,sell,NASDAQ
tx_0005139,2025-06-14 09:32:52,BRK.B,274.2,359,buy,NYSE
tx_0003913,2025-06-14 09:32:55,PYPL,245.89,417,buy,NASDAQ
tx_0008746,2025-06-14 09:32:56,NVDA,200.04,591,sell,NASDAQ
tx_0003215,2025-06-14 09:32:57,MSFT,301.02,626,sell,NASDAQ
tx_0006998,2025-06-14 09:32:59,ADBE,598.74,124,sell,NASDAQ
tx_0009587,2025-06-14 09:32:59,PEP,149.15,425,sell,NYSE
tx_0002748,2025-06-14 09:33:03,DIS,181.19,799,sell,NYSE
tx_0001486,2025-06-14 09:33:04,JNJ,168.94,758,buy,NYSE
tx_0004477,2025-06-14 09:33:05,WMT,,599,sell,NYSE
tx_0004042,2025-06-14 09:33:05,KO,54.82,185,buy,NYSE
tx_0004276,2025-06-14 09:33:06,PEP,149.98,117,buy,NYSE
tx_0007751,2025-06-14 09:33:08,PYPL,246.8,331,sell,NASDAQ
tx_0006458,2025-06-14 09:33:09,PG,139.68,626,sell,NYSE
tx_0008704,2025-06-14 09:33:11,AMZN,3483.18,258,buy,
tx_0009806,2025-06-14 09:33:11,AAPL,151.36,694,,NASDAQ
tx_0008463,2025-06-14 09:33:17,WMT,142.22,554,buy,NYSE
tx_0008878,2025-06-14 09:33:20,DIS,183.39,296,buy,NYSE
tx_0008559,2025-06-14 09:33:21,WMT,140.46,583,buy,NYSE
tx_0004394,2025-06-14 09:33:26,V,217.75,203,buy,NYSE
tx_0008177,2025-06-14 09:33:28,MSFT,298.69,604,sell,NASDAQ
tx_0002616,2025-06-14 09:33:28,BRK.B,275.06,914,buy,NYSE
tx_0009505,2025-06-14 09:33:28,PYPL,248.5,556,buy,NASDAQ
tx_0008195,2025-06-14 09:33:31,ADBE,599.54,411,sell,NASDAQ
tx_0001956,2025-06-14 09:33:31,JNJ,169.16,347,buy,NYSE
tx_0003363,2025-06-14 09:33:34,ADBE,604.32,232,buy,NASDAQ
tx_0007700,2025-06-14 09:33:39,MA,353.35,250,sell,
tx_0006177,2025-06-14 09:33:41,GOOGL,2817.19,566,buy,NASDAQ
tx_0008033,2025-06-14 09:33:42,ADBE,602.43,489,sell,NASDAQ
tx_0000989,2025-06-14 09:33:42,WMT,141.35,391,buy,NYSE
tx_0001610,2025-06-14 09:33:43,PEP,149.94,391,buy,NYSE
tx_0005641,2025-06-14 09:33:46,KO,54.69,163,sell,NYSE
tx_0008961,2025-06-14 09:33:47,TSLA,703.61,984,buy,NASDAQ
tx_0000503,2025-06-14 09:33:48,JNJ,167.18,705,buy,NYSE
tx_0007427,2025-06-14 09:33:51,PG,139.69,573,buy,NYSE
tx_0007477,2025-06-14 09:33:52,MA,350.56,757,buy,NYSE
tx_0003649,2025-06-14 09:33:54,TSLA,702.9,142,sell,NASDAQ
tx_0009156,2025-06-14 09:33:57,MSFT,297.02,133,sell,NASDAQ
tx_0009549,2025-06-14 09:33:58,FB,331.59,731,sell,NASDAQ
tx_0004747,2025-06-14 09:34:01,V,220.74,736,sell,NYSE
tx_0008061,2025-06-14 09:34:05,AAPL,,748,sell,NASDAQ
tx_0000258,2025-06-14 09:34:10,ADBE,603.63,457,buy,NASDAQ
tx_0008512,2025-06-14 09:34:15,KO,54.98,919,sell,NYSE
tx_0002644,2025-06-14 09:34:18,NFLX,497.59,952,sell,NASDAQ
tx_0004389,2025-06-14 09:34:19,BRK.B,278.32,501,sell,NYSE
tx_0003314,2025-06-14 09:34:20,AMZN,3478.54,207,buy,NASDAQ
tx_0009280,2025-06-14 09:34:28,NFLX,499.59,151,sell,NASDAQ
tx_0007076,2025-06-14 09:34:31,PG,140.75,782,buy,NYSE
tx_0005558,2025-06-14 09:34:34,KO,55.49,516,buy,NYSE
tx_0002997,2025-06-14 09:34:39,FB,328.99,551,buy,NASDAQ
tx_0000768,2025-06-14 09:34:41,AMZN,3499.55,447,sell,NASDAQ
tx_0004327,2025-06-14 09:34:43,BRK.B,274.4,854,buy,NYSE
tx_0000738,2025-06-14 09:34:46,AMZN,3481.43,553,sell,NASDAQ
tx_0000684,2025-06-14 09:34:47,V,220.09,121,sell,NYSE
tx_0006740,2025-06-14 09:34:55,NVDA,202.72,273,sell,NASDAQ
tx_0008571,2025-06-14 09:34:56,ADBE,606.74,839,sell,NASDAQ
tx_0007179,2025-06-14 09:34:56,TSLA,708.03,391,buy,NASDAQ
tx_0000429,2025-06-14 09:34:56,AMZN,3491.12,876,sell,NASDAQ
tx_0002865,2025-06-14 09:34:59,ADBE,603.38,558,buy,NASDAQ
tx_0000865,2025-06-14 09:35:05,PYPL,251.28,526,buy,NASDAQ
tx_0002813,2025-06-14 09:35:07,JNJ,169.38,947,sell,NYSE
tx_0002009,2025-06-14 09:35:12,TSLA,702.55,482,buy,NASDAQ
tx_0003573,2025-06-14 09:35:15,NVDA,201.34,964,buy,NASDAQ
tx_0007394,2025-06-14 09:35:16,ADBE,601.36,121,sell,NASDAQ
tx_0001335,2025-06-14 09:35:21,PEP,149.28,438,sell,NYSE
tx_0002880,2025-06-14 09:35:23,V,219.51,671,sell,NYSE
tx_0008302,2025-06-14 09:35:25,BRK.B,276.11,696,sell,NYSE
tx_0006640,2025-06-14 09:35:25,BRK.B,274.21,869,buy,NYSE
tx_0004266,2025-06-14 09:35:26,NFLX,496.97,527,buy,NASDAQ
tx_0009710,2025-06-14 09:35:28,PYPL,248.78,839,buy,NASDAQ
tx_0009375,2025-06-14 09:35:30,DIS,180.75,421,sell,NYSE
tx_0003148,2025-06-14 09:35:32,NFLX,496.43,161,sell,NASDAQ
tx_0009418,2025-06-14 09:35:34,JNJ,169.64,249,sell,NYSE
tx_0007607,2025-06-14 09:35:35,PEP,151.36,226,sell,NYSE
tx_0005612,2025-06-14 09:35:37,PEP,151.45,612,sell,NYSE
tx_0002392,2025-06-14 09:35:37,FB,330.18,777,buy,NASDAQ
tx_0006832,2025-06-14 09:35:44,ADBE,606.87,913,buy,NASDAQ
tx_0005716,2025-06-14 09:35:44,JNJ,167.38,186,sell,NYSE
tx_0009374,2025-06-14 09:35:45,PG,140.1,780,buy,NYSE
tx_0008030,2025-06-14 09:35:49,PEP,149.16,986,sell,NYSE
tx_0001101,2025-06-14 09:35:52,KO,55.48,957,sell,NYSE
tx_0006760,2025-06-14 09:35:59,V,219.53,370,buy,NYSE
tx_0003347,2025-06-14 09:36:01,DIS,181.15,384,sell,NYSE
tx_0008379,2025-06-14 09:36:02,MA,352.53,807,sell,NYSE
tx_0007692,2025-06-14 09:36:06,MA,347.92,783,buy,NYSE
tx_0003893,2025-06-14 09:36:06,V,219.67,241,buy,NYSE
tx_0007500,2025-06-14 09:36:07,ADBE,609.36,613,buy,NASDAQ
tx_0003320,2025-06-14 09:36:08,MA,351.69,988,sell,NYSE
tx_0007659,2025-06-14 09:36:09,KO,55.32,534,buy,NYSE
tx_0001900,2025-06-14 09:36:09,AAPL,150.91,380,sell,NASDAQ
tx_0000493,2025-06-14 09:36:13,GOOGL,2829.17,941,sell,NASDAQ
tx_0006516,2025-06-14 09:36:13,DIS,181.27,629,sell,NYSE
tx_0003593,2025-06-14 09:36:16,BRK.B,272.35,348,sell,NYSE
tx_0003542,2025-06-14 09:36:16,BRK.B,271.97,820,sell,NYSE
tx_0008974,2025-06-14 09:36:24,NVDA,201.64,704,sell,NASDAQ
tx_0004082,2025-06-14 09:36:24,PYPL,252.46,372,buy,NASDAQ
tx_0003454,2025-06-14 09:36:33,FB,328.66,905,sell,NASDAQ
tx_0003947,2025-06-14 09:36:34,ADBE,601.28,433,sell,NASDAQ
tx_0005261,2025-06-14 09:36:37,FB,329.46,347,buy,NASDAQ
tx_0006223,2025-06-14 09:36:40,BRK.B,275.59,151,sell,NYSE
tx_0001005,2025-06-14 09:36:44,DIS,183.85,125,sell,NYSE
tx_0004176,2025-06-14 09:36:44,JNJ,168.79,888,buy,NYSE
tx_0003823,2025-06-14 09:36:45,MCD,251.37,495,buy,NYSE
tx_0004565,2025-06-14 09:36:47,ADBE,601.13,998,sell,NASDAQ
tx_0008101,2025-06-14 09:36:49,MCD,253.97,456,,NYSE
tx_0005008,2025-06-14 09:36:51,GOOGL,2805.29,110,buy,NASDAQ
tx_0000473,2025-06-14 09:36:54,WMT,141.25,297,buy,NYSE
tx_0004076,2025-06-14 09:36:54,WMT,141.35,891,sell,NYSE
tx_0001189,2025-06-14 09:37:04,V,221.12,455,sell,NYSE
tx_0004235,2025-06-14 09:37:05,GOOGL,2806.04,673,sell,NASDAQ
tx_0005319,2025-06-14 09:37:06,PYPL,249.75,621,sell,NASDAQ
tx_0001526,2025-06-14 09:37:07,AMZN,3499.73,320,buy,NASDAQ
tx_0003014,2025-06-14 09:37:09,JNJ,167.17,531,buy,NYSE
tx_0001351,2025-06-14 09:37:15,PG,140.27,737,buy,NYSE
tx_0009690,2025-06-14 09:37:16,V,218.95,748,sell,NYSE
tx_0003894,2025-06-14 09:37:17,GOOGL,2790.01,987,buy,NASDAQ
tx_0003256,2025-06-14 09:37:19,ADBE,610.51,345,sell,NASDAQ
tx_0004646,2025-06-14 09:37:19,AMZN,3471.52,726,sell,NASDAQ
tx_0006358,2025-06-14 09:37:20,WMT,142.24,771,buy,NYSE
tx_0001309,2025-06-14 09:37:20,V,221.64,262,sell,NYSE
tx_0006499,2025-06-14 09:37:22,JNJ,169.24,633,sell,NYSE
tx_0008051,2025-06-14 09:37:23,NFLX,490.98,578,buy,NASDAQ
tx_0007465,2025-06-14 09:37:24,PEP,148.86,454,buy,NYSE
tx_0006777,2025-06-14 09:37:25,GOOGL,2787.31,234,buy,NASDAQ
tx_0002310,2025-06-14 09:37:26,FB,328.67,799,buy,NASDAQ
tx_0001571,2025-06-14 09:37:27,BRK.B,275.88,534,buy,NYSE
tx_0001936,2025-06-14 09:37:39,WMT,143.35,203,buy,NYSE
tx_0007010,2025-06-14 09:37:44,PEP,148.85,688,sell,NYSE
tx_0000911,2025-06-14 09:37:47,MCD,252.23,971,buy,NYSE
tx_0005295,2025-06-14 09:37:48,BRK.B,273.03,953,buy,NYSE
tx_0006340,2025-06-14 09:37:51,PYPL,250.32,598,buy,NASDAQ
tx_0000388,2025-06-14 09:37:53,TSLA,696.76,174,sell,NASDAQ
tx_0000488,2025-06-14 09:37:55,GOOGL,2781.06,528,sell,NASDAQ
tx_0005060,2025-06-14 09:37:57,NVDA,201.4,881,buy,NASDAQ
tx_0008791,2025-06-14 09:37:59,PYPL,249.74,583,buy,NASDAQ
tx_0008567,2025-06-14 09:38:01,AAPL,151.98,639,sell,NASDAQ
tx_0003142,2025-06-14 09:38:03,BRK.B,271.64,864,buy,NYSE
tx_0004154,2025-06-14 09:38:03,KO,55.86,368,sell,NYSE
tx_0000997,2025-06-14 09:38:03,PEP,148.59,142,sell,NYSE
tx_0004927,2025-06-14 09:38:12,MA,349.54,367,buy,NYSE
tx_0004167,2025-06-14 09:38:15,AAPL,152.35,785,sell,NASDAQ
tx_0001353,2025-06-14 09:38:17,PYPL,249.3,763,sell,NASDAQ
tx_0001369,2025-06-14 09:38:18,GOOGL,2818.08,235,sell,NASDAQ
tx_0004803,2025-06-14 09:38:22,ADBE,601.93,621,buy,NASDAQ
tx_0003466,2025-06-14 09:38:23,ADBE,608.14,343,sell,NASDAQ
tx_0006312,2025-06-14 09:38:24,V,221.25,366,buy,NYSE
tx_0003924,2025-06-14 09:38:26,AMZN,3504.47,411,sell,NASDAQ
tx_0009422,2025-06-14 09:38:27,AMZN,3496.35,411,sell,NASDAQ
tx_0001930,2025-06-14 09:38:31,V,218.91,117,sell,NYSE
tx_0004419,2025-06-14 09:38:32,PYPL,252.23,199,sell,NASDAQ
tx_0002906,2025-06-14 09:38:33,WMT,143.0,489,buy,NYSE
tx_0004896,2025-06-14 09:38:36,TSLA,703.41,809,buy,NASDAQ
tx_0000957,2025-06-14 09:38:39,ADBE,608.99,472,sell,NASDAQ
tx_0005941,2025-06-14 09:38:46,PYPL,251.45,161,buy,NASDAQ
tx_0006713,2025-06-14 09:38:49,PEP,148.44,233,buy,NYSE
tx_0006454,2025-06-14 09:38:52,PYPL,249.16,978,buy,NASDAQ
tx_0001129,2025-06-14 09:38:53,ADBE,603.37,473,sell,NASDAQ
tx_0003914,2025-06-14 09:38:53,FB,333.85,440,buy,NASDAQ
tx_0006916,2025-06-14 09:38:55,ADBE,609.41,845,sell,NASDAQ
tx_0007127,2025-06-14 09:38:56,MCD,253.56,279,sell,NYSE
tx_0004767,2025-06-14 09:38:57,JNJ,168.36,865,sell,NYSE
tx_0002251,2025-06-14 09:38:59,MCD,252.75,302,buy,NYSE
tx_0008792,2025-06-14 09:39:01,NFLX,500.51,554,sell,NASDAQ
tx_0007451,2025-06-14 09:39:01,NFLX,498.96,487,sell,NASDAQ
tx_0004352,2025-06-14 09:39:02,GOOGL,2798.24,917,sell,NASDAQ
tx_0002359,2025-06-14 09:39:05,BRK.B,271.5,149,sell,NYSE
tx_0009132,2025-06-14 09:39:05,AAPL,151.55,805,buy,NASDAQ
tx_0000786,2025-06-14 09:39:05,PYPL,250.72,716,buy,NASDAQ
tx_0004615,2025-06-14 09:39:06,JNJ,168.13,293,sell,NYSE
tx_0002468,2025-06-14 09:39:13,ADBE,608.19,686,buy,NASDAQ
tx_0004748,2025-06-14 09:39:15,PYPL,251.67,886,buy,NASDAQ
tx_0005301,2025-06-14 09:39:16,MA,349.15,399,buy,NYSE
tx_0008776,2025-06-14 09:39:18,BRK.B,272.51,564,sell,NYSE
tx_0008771,2025-06-14 09:39:19,PYPL,251.97,911,sell,NASDAQ
tx_0008208,2025-06-14 09:39:20,PYPL,249.13,758,sell,NASDAQ
tx_0005370,2025-06-14 09:39:20,MCD,251.38,670,sell,NYSE
tx_0003272,2025-06-14 09:39:20,DIS,181.28,974,sell,NYSE
tx_0002017,2025-06-14 09:39:21,DIS,183.41,687,sell,NYSE
tx_0005537,2025-06-14 09:39:22,PYPL,251.29,124,sell,NASDAQ
tx_0002138,2025-06-14 09:39:36,PEP,149.51,330,buy,NYSE
tx_0006981,2025-06-14 09:39:51,JNJ,170.28,752,buy,NYSE
tx_0005313,2025-06-14 09:39:56,V,218.7,570,buy,NYSE
tx_0007415,2025-06-14 09:39:57,WMT,143.22,694,buy,NYSE
tx_0008488,2025-06-14 09:39:57,PG,139.54,740,buy,NYSE
tx_0007160,2025-06-14 09:40:03,GOOGL,2809.57,599,sell,NASDAQ
tx_0004263,2025-06-14 09:40:03,MSFT,298.54,435,buy,NASDAQ
tx_0009640,2025-06-14 09:40:03,ADBE,611.2,330,buy,NASDAQ
tx_0005672,2025-06-14 09:40:03,DIS,180.57,173,buy,NYSE
tx_0002745,2025-06-14 09:40:04,AMZN,3464.34,528,sell,NASDAQ
tx_0007261,2025-06-14 09:40:05,PG,140.04,240,buy,NYSE
tx_0004968,2025-06-14 09:40:12,PEP,149.26,273,sell,NYSE
tx_0000978,2025-06-14 09:40:13,MCD,249.05,714,buy,NYSE
tx_0009973,2025-06-14 09:40:15,MSFT,299.3,270,sell,NASDAQ
tx_0002191,2025-06-14 09:40:16,MSFT,300.31,269,buy,NASDAQ
tx_0002917,2025-06-14 09:40:17,ADBE,611.72,322,sell,NASDAQ
tx_0000196,2025-06-14 09:40:19,PEP,150.44,193,buy,NYSE
tx_0007781,2025-06-14 09:40:21,JNJ,169.27,132,sell,NYSE
tx_0001987,2025-06-14 09:40:27,WMT,142.67,432,sell,NYSE
tx_0001079,2025-06-14 09:40:29,AAPL,152.81,431,buy,NASDAQ
tx_0000811,2025-06-14 09:40:29,NFLX,496.19,442,sell,NASDAQ
tx_0005774,2025-06-14 09:40:35,NFLX,491.79,542,sell,NASDAQ
tx_0006064,2025-06-14 09:40:35,AMZN,3470.4,248,sell,NASDAQ
tx_0004608,2025-06-14 09:40:36,TSLA,703.39,795,sell,NASDAQ
tx_0009149,2025-06-14 09:40:44,ADBE,608.77,946,sell,NASDAQ
tx_0007960,2025-06-14 09:40:49,ADBE,610.04,538,buy,NASDAQ
tx_0005507,2025-06-14 09:40:50,WMT,142.64,949,buy,NYSE
tx_0009368,2025-06-14 09:40:50,MSFT,299.34,466,buy,NASDAQ
tx_0002509,2025-06-14 09:40:51,MCD,251.44,529,sell,NYSE
tx_0007413,2025-06-14 09:40:53,MA,350.12,503,sell,NYSE
tx_0002655,2025-06-14 09:40:55,PEP,149.39,949,sell,NYSE
tx_0009994,2025-06-14 09:40:55,NVDA,200.58,711,buy,NASDAQ
tx_0008271,2025-06-14 09:40:58,NVDA,201.35,211,sell,NASDAQ
tx_0001969,2025-06-14 09:41:02,BRK.B,271.3,416,buy,NYSE
tx_0000422,2025-06-14 09:41:04,FB,331.15,334,sell,NASDAQ
tx_0004618,2025-06-14 09:41:07,DIS,183.86,740,buy,NYSE
tx_0009399,2025-06-14 09:41:09,PYPL,247.58,427,sell,NASDAQ
tx_0002717,2025-06-14 09:41:11,GOOGL,2805.23,344,buy,NASDAQ
tx_0003342,2025-06-14 09:41:14,PG,140.23,844,buy,NYSE
tx_0001126,2025-06-14 09:41:18,AAPL,,108,sell,NASDAQ
tx_0005801,2025-06-14 09:41:19,AAPL,150.86,517,sell,NASDAQ
tx_0003984,2025-06-14 09:41:20,MSFT,299.4,275,sell,NASDAQ
tx_0002941,2025-06-14 09:41:24,AAPL,151.21,644,sell,NASDAQ
tx_0008814,2025-06-14 09:41:24,JNJ,169.47,456,buy,NYSE
tx_0007284,2025-06-14 09:41:26,MSFT,297.69,392,buy,NASDAQ
tx_0001130,2025-06-14 09:41:27,ADBE,610.08,699,buy,NASDAQ
tx_0009388,2025-06-14 09:41:33,AAPL,150.82,318,sell,NASDAQ
tx_0003595,2025-06-14 09:41:34,DIS,183.58,104,sell,NYSE
tx_0001587,2025-06-14 09:41:34,DIS,183.4,983,buy,NYSE
tx_0002600,2025-06-14 09:41:36,ADBE,607.22,185,sell,NASDAQ
tx_0009097,2025-06-14 09:41:37,KO,55.99,805,,NYSE
tx_0005032,2025-06-14 09:41:38,BRK.B,270.18,251,buy,NYSE
tx_0000120,2025-06-14 09:41:42,V,220.2,384,buy,NYSE
tx_0008015,2025-06-14 09:41:42,GOOGL,2817.76,770,sell,NASDAQ
tx_0006711,2025-06-14 09:41:44,NFLX,493.74,292,sell,NASDAQ
tx_0003026,2025-06-14 09:41:46,MCD,249.58,360,buy,NYSE
tx_0002990,2025-06-14 09:41:47,V,222.2,670,buy,NYSE
tx_0007605,2025-06-14 09:41:48,DIS,181.89,442,sell,NYSE
tx_0006647,2025-06-14 09:41:49,AAPL,151.42,320,buy,NASDAQ
tx_0003971,2025-06-14 09:41:50,PYPL,248.77,756,buy,NASDAQ
tx_0005435,2025-06-14 09:41:52,PYPL,247.36,175,sell,NASDAQ
tx_0009566,2025-06-14 09:41:54,BRK.B,273.34,218,sell,NYSE
tx_0001144,2025-06-14 09:41:58,AMZN,3483.12,364,sell,NASDAQ
tx_0008430,2025-06-14 09:42:04,NVDA,202.67,511,buy,NASDAQ
tx_0006016,2025-06-14 09:42:05,MA,353.2,584,buy,NYSE
tx_0003932,2025-06-14 09:42:16,PG,141.39,847,buy,NYSE
tx_0007187,2025-06-14 09:42:17,PG,139.45,704,buy,NYSE
tx_0005743,2025-06-14 09:42:17,AMZN,3477.97,285,buy,NASDAQ
tx_0005839,2025-06-14 09:42:17,DIS,,225,buy,NYSE
tx_0008429,2025-06-14 09:42:18,PG,140.77,885,buy,NYSE
tx_0005376,2025-06-14 09:42:19,ADBE,612.74,468,buy,NASDAQ
tx_0006876,2025-06-14 09:42:20,PYPL,248.28,470,sell,NASDAQ
tx_0007964,2025-06-14 09:42:20,MA,350.74,426,sell,NYSE
tx_0002187,2025-06-14 09:42:21,ADBE,606.11,118,buy,NASDAQ
tx_0008923,2025-06-14 09:42:23,DIS,182.47,728,sell,NYSE
tx_0003254,2025-06-14 09:42:29,KO,55.49,246,buy,NYSE
tx_0000392,2025-06-14 09:42:33,PG,139.15,870,sell,NYSE
tx_0005650,2025-06-14 09:42:35,PG,141.74,535,buy,NYSE
tx_0009232,2025-06-14 09:42:35,BRK.B,270.68,250,sell,NYSE
tx_0005134,2025-06-14 09:42:35,JNJ,167.56,872,sell,NYSE
tx_0007995,2025-06-14 09:42:36,V,219.71,516,sell,NYSE
tx_0009999,2025-06-14 09:42:38,NFLX,494.97,342,sell,NASDAQ
tx_0005713,2025-06-14 09:42:47,JNJ,168.68,479,sell,NYSE
tx_0001933,2025-06-14 09:42:47,AAPL,153.44,812,buy,NASDAQ
tx_0002457,2025-06-14 09:42:49,WMT,142.64,219,sell,NYSE
tx_0008136,2025-06-14 09:42:50,MA,355.68,967,buy,NYSE
tx_0001691,2025-06-14 09:42:52,PG,141.47,471,sell,NYSE
tx_0007724,2025-06-14 09:42:56,MSFT,296.89,797,sell,NASDAQ
tx_0002036,2025-06-14 09:42:57,MA,354.64,999,sell,NYSE
tx_0005122,2025-06-14 09:42:57,BRK.B,270.81,305,sell,NYSE
tx_0009635,2025-06-14 09:43:01,WMT,142.52,661,buy,NYSE
tx_0004633,2025-06-14 09:43:04,FB,332.34,412,sell,NASDAQ
tx_0005145,2025-06-14 09:43:07,JNJ,169.12,285,buy,NYSE
tx_0003830,2025-06-14 09:43:08,GOOGL,2815.4,422,sell,NASDAQ
tx_0008977,2025-06-14 09:43:10,WMT,144.05,100,buy,NYSE
tx_0004036,2025-06-14 09:43:15,JNJ,169.68,377,buy,NYSE
tx_0000883,2025-06-14 09:43:16,NVDA,201.38,309,sell,NASDAQ
tx_0006228,2025-06-14 09:43:19,V,219.19,943,sell,NYSE
tx_0005196,2025-06-14 09:43:20,KO,55.42,301,sell,NYSE
tx_0008634,2025-06-14 09:43:21,MSFT,298.05,343,sell,NASDAQ
tx_0001166,2025-06-14 09:43:24,BRK.B,271.02,164,buy,NYSE
tx_0001782,2025-06-14 09:43:25,PEP,150.46,921,buy,NYSE
tx_0003617,2025-06-14 09:43:26,DIS,182.19,188,buy,NYSE
tx_0007853,2025-06-14 09:43:31,AMZN,3444.8,201,buy,NASDAQ
tx_0006667,2025-06-14 09:43:33,NVDA,198.58,991,buy,NASDAQ
tx_0001260,2025-06-14 09:43:35,NFLX,498.79,886,sell,NASDAQ
tx_0005350,2025-06-14 09:43:38,MSFT,296.3,147,sell,NASDAQ
tx_0005947,2025-06-14 09:43:38,MA,357.23,646,sell,NYSE
tx_0009804,2025-06-14 09:43:39,DIS,182.33,536,sell,NYSE
tx_0004802,2025-06-14 09:43:41,KO,55.75,195,buy,NYSE
tx_0009504,2025-06-14 09:43:42,MSFT,298.08,526,sell,NASDAQ
tx_0005172,2025-06-14 09:43:50,NFLX,498.85,436,sell,NASDAQ
tx_0004877,2025-06-14 09:43:51,PG,139.59,907,buy,NYSE
tx_0006939,2025-06-14 09:43:52,GOOGL,2809.92,498,sell,NASDAQ
tx_0000502,2025-06-14 09:43:54,V,220.14,170,sell,NYSE
tx_0006327,2025-06-14 09:44:00,PG,141.17,828,buy,NYSE
tx_0004815,2025-06-14 09:44:03,PEP,152.35,402,buy,NYSE
tx_0008371,2025-06-14 09:44:05,NVDA,199.64,219,sell,NASDAQ
tx_0005596,2025-06-14 09:44:06,MCD,254.42,836,sell,NYSE
tx_0009648,2025-06-14 09:44:08,MA,356.64,826,buy,NYSE
tx_0004050,2025-06-14 09:44:09,PEP,150.6,379,buy,NYSE
tx_0001529,2025-06-14 09:44:12,V,219.26,586,sell,NYSE
tx_0004733,2025-06-14 09:44:14,PEP,,794,buy,
tx_0009431,2025-06-14 09:44:15,FB,330.07,995,buy,NASDAQ
tx_0000980,2025-06-14 09:44:22,KO,55.42,718,buy,NYSE
tx_0008799,2025-06-14 09:44:22,AAPL,152.83,760,sell,NASDAQ
tx_0009297,2025-06-14 09:44:27,MA,356.62,294,buy,NYSE
tx_0005352,2025-06-14 09:44:28,FB,331.27,181,sell,NASDAQ
tx_0009888,2025-06-14 09:44:28,PEP,151.61,323,buy,NYSE
tx_0001122,2025-06-14 09:44:29,PEP,152.64,801,buy,NYSE
tx_0004504,2025-06-14 09:44:35,GOOGL,2794.98,272,buy,NASDAQ
tx_0004523,2025-06-14 09:44:35,PG,140.02,967,buy,NYSE
tx_0005616,2025-06-14 09:44:37,V,222.37,468,sell,NYSE
tx_0007153,2025-06-14 09:44:41,NFLX,495.95,247,sell,NASDAQ
tx_0002564,2025-06-14 09:44:44,AAPL,151.14,136,sell,NASDAQ
tx_0009809,2025-06-14 09:44:44,NVDA,201.12,598,sell,NASDAQ
tx_0005007,2025-06-14 09:44:49,WMT,142.27,593,buy,NYSE
tx_0006125,2025-06-14 09:44:55,AMZN,3483.91,820,buy,NASDAQ
tx_0001137,2025-06-14 09:44:57,MCD,251.47,434,sell,NYSE
tx_0004228,2025-06-14 09:44:57,NVDA,201.52,547,sell,NASDAQ
tx_0008722,2025-06-14 09:45:01,NFLX,501.16,220,sell,NASDAQ
tx_0005508,2025-06-14 09:45:02,DIS,184.44,149,buy,NYSE
tx_0000439,2025-06-14 09:45:02,BRK.B,274.8,895,buy,NYSE
tx_0005448,2025-06-14 09:45:03,GOOGL,2786.41,802,sell,NASDAQ
tx_0009291,2025-06-14 09:45:08,DIS,183.4,897,sell,NYSE
tx_0005970,2025-06-14 09:45:09,GOOGL,2809.45,636,buy,NASDAQ
tx_0002835,2025-06-14 09:45:11,MA,350.82,211,buy,
tx_0003275,2025-06-14 09:45:12,NFLX,501.55,525,buy,NASDAQ
tx_0005450,2025-06-14 09:45:14,AAPL,152.13,520,sell,NASDAQ
tx_0006658,2025-06-14 09:45:15,NFLX,498.21,823,buy,NASDAQ
tx_0009054,2025-06-14 09:45:15,WMT,142.3,930,sell,NYSE
tx_0009255,2025-06-14 09:45:15,MCD,252.87,516,buy,NYSE
tx_0004410,2025-06-14 09:45:16,PG,140.07,394,buy,NYSE
tx_0008316,2025-06-14 09:45:18,DIS,,100,buy,NYSE
tx_0009436,2025-06-14 09:45:24,MSFT,297.67,472,sell,NASDAQ
tx_0005310,2025-06-14 09:45:30,AAPL,151.89,257,sell,NASDAQ
tx_0002787,2025-06-14 09:45:31,FB,332.98,927,buy,NASDAQ
tx_0009996,2025-06-14 09:45:31,PEP,151.64,557,buy,NYSE
tx_0000242,2025-06-14 09:45:33,ADBE,609.4,709,buy,NASDAQ
tx_0004143,2025-06-14 09:45:35,MA,355.33,976,sell,NYSE
tx_0005039,2025-06-14 09:45:42,AMZN,3442.63,771,buy,NASDAQ
tx_0006189,2025-06-14 09:45:43,FB,331.44,412,sell,NASDAQ
tx_0002298,2025-06-14 09:45:45,KO,56.13,715,sell,NYSE
tx_0003464,2025-06-14 09:45:49,PEP,151.06,660,sell,NYSE
tx_0008957,2025-06-14 09:45:50,JNJ,168.83,241,sell,NYSE
tx_0003964,2025-06-14 09:45:51,PG,139.27,800,buy,NYSE
tx_0007864,2025-06-14 09:45:53,DIS,183.07,252,sell,NYSE
tx_0009761,2025-06-14 09:45:59,V,221.24,149,buy,NYSE
tx_0002822,2025-06-14 09:46:01,AAPL,151.8,501,buy,NASDAQ
tx_0000987,2025-06-14 09:46:02,AMZN,3429.88,925,buy,NASDAQ
tx_0008737,2025-06-14 09:46:03,PYPL,250.52,802,buy,NASDAQ
tx_0002670,2025-06-14 09:46:07,NFLX,496.8,695,buy,NASDAQ
tx_0006511,2025-06-14 09:46:09,WMT,145.19,704,buy,NYSE
tx_0001427,2025-06-14 09:46:09,WMT,143.18,292,sell,NYSE
tx_0003582,2025-06-14 09:46:10,MSFT,299.28,405,sell,NASDAQ
tx_0009773,2025-06-14 09:46:16,PEP,149.59,528,buy,NYSE
tx_0004291,2025-06-14 09:46:21,MSFT,299.25,235,sell,NASDAQ
tx_0006659,2025-06-14 09:46:23,ADBE,601.6,579,buy,NASDAQ
tx_0008201,2025-06-14 09:46:24,MA,349.94,142,sell,NYSE
tx_0002493,2025-06-14 09:46:24,AMZN,3469.46,144,sell,NASDAQ
tx_0001451,2025-06-14 09:46:25,PEP,149.66,817,sell,NYSE
tx_0006105,2025-06-14 09:46:27,V,222.08,800,buy,NYSE
tx_0005336,2025-06-14 09:46:28,FB,332.39,246,buy,NASDAQ
tx_0006115,2025-06-14 09:46:29,PYPL,250.95,129,buy,NASDAQ
tx_0003108,2025-06-14 09:46:31,MCD,256.16,968,sell,NYSE
tx_0006937,2025-06-14 09:46:33,MA,354.73,496,buy,NYSE
tx_0002647,2025-06-14 09:46:35,MSFT,295.06,821,buy,NASDAQ
tx_0002007,2025-06-14 09:46:35,JNJ,167.61,907,buy,NYSE
tx_0005564,2025-06-14 09:46:36,MCD,253.11,542,sell,NYSE
tx_0004129,2025-06-14 09:46:37,NFLX,506.56,781,buy,NASDAQ
tx_0008804,2025-06-14 09:46:40,PG,139.97,320,sell,NYSE
tx_0004666,2025-06-14 09:46:41,TSLA,711.77,124,buy,NASDAQ
tx_0009209,2025-06-14 09:46:42,WMT,144.38,332,sell,NYSE
tx_0001392,2025-06-14 09:46:44,V,221.11,997,,NYSE
tx_0002313,2025-06-14 09:46:45,KO,55.62,803,buy,NYSE
tx_0009210,2025-06-14 09:46:47,AAPL,152.33,425,sell,NASDAQ
tx_0009500,2025-06-14 09:46:52,WMT,142.92,103,sell,NYSE
tx_0005365,2025-06-14 09:46:53,V,223.03,280,buy,NYSE
tx_0005565,2025-06-14 09:46:53,BRK.B,277.04,692,,NYSE
tx_0008820,2025-06-14 09:46:54,MCD,254.88,793,buy,NYSE
tx_0005692,2025-06-14 09:46:54,JNJ,168.54,390,sell,NYSE
tx_0009950,2025-06-14 09:46:56,FB,331.15,409,buy,NASDAQ
tx_0002656,2025-06-14 09:46:59,MCD,256.21,183,sell,NYSE
tx_0009581,2025-06-14 09:47:03,BRK.B,273.44,583,sell,NYSE
tx_0009082,2025-06-14 09:47:07,AAPL,153.15,221,buy,NASDAQ
tx_0001291,2025-06-14 09:47:13,NFLX,500.31,770,sell,NASDAQ
tx_0006250,2025-06-14 09:47:18,AAPL,152.94,258,buy,NASDAQ
tx_0008727,2025-06-14 09:47:21,AAPL,151.68,479,sell,NASDAQ
tx_0005584,2025-06-14 09:47:21,FB,328.79,784,buy,NASDAQ
tx_0009278,2025-06-14 09:47:26,MCD,255.09,363,sell,NYSE
tx_0001845,2025-06-14 09:47:27,MA,353.23,398,buy,NYSE
tx_0006438,2025-06-14 09:47:27,ADBE,606.56,130,buy,NASDAQ
tx_0004179,2025-06-14 09:47:29,PYPL,250.09,433,sell,NASDAQ
tx_0009780,2025-06-14 09:47:29,FB,331.54,445,sell,NASDAQ
tx_0005342,2025-06-14 09:47:30,PG,139.24,253,buy,NYSE
tx_0004975,2025-06-14 09:47:32,PG,139.78,638,sell,NYSE
tx_0006702,2025-06-14 09:47:33,NFLX,499.28,200,sell,NASDAQ
tx_0007156,2025-06-14 09:47:37,ADBE,598.31,835,sell,NASDAQ
tx_0008449,2025-06-14 09:47:41,TSLA,704.66,394,sell,NASDAQ
tx_0000875,2025-06-14 09:47:48,AAPL,152.34,934,sell,NASDAQ
tx_0000216,2025-06-14 09:47:48,GOOGL,2779.88,134,buy,NASDAQ
tx_0007824,2025-06-14 09:47:50,DIS,183.33,625,buy,NYSE
tx_0000366,2025-06-14 09:47:59,TSLA,708.48,944,buy,NASDAQ
tx_0007492,2025-06-14 09:48:01,GOOGL,2769.93,858,sell,NASDAQ
tx_0000838,2025-06-14 09:48:03,KO,55.81,980,sell,NYSE
tx_0007075,2025-06-14 09:48:03,MCD,255.38,779,sell,NYSE
tx_0000653,2025-06-14 09:48:06,KO,56.6,109,buy,NYSE
tx_0000469,2025-06-14 09:48:14,MCD,253.98,777,sell,NYSE
tx_0009847,2025-06-14 09:48:19,NVDA,,245,buy,NASDAQ
tx_0008031,2025-06-14 09:48:19,DIS,182.73,197,buy,NYSE
tx_0009688,2025-06-14 09:48:24,ADBE,600.77,372,buy,NASDAQ
tx_0005360,2025-06-14 09:48:24,GOOGL,2806.98,576,sell,NASDAQ
tx_0005791,2025-06-14 09:48:25,AMZN,3469.0,520,sell,NASDAQ
tx_0005188,2025-06-14 09:48:26,ADBE,606.43,359,sell,NASDAQ
tx_0007411,2025-06-14 09:48:28,AAPL,152.71,832,buy,NASDAQ
tx_0000628,2025-06-14 09:48:28,TSLA,704.39,236,buy,NASDAQ
tx_0002226,2025-06-14 09:48:38,DIS,184.96,858,buy,NYSE
tx_0006093,2025-06-14 09:48:41,AAPL,152.0,719,sell,NASDAQ
tx_0004128,2025-06-14 09:48:43,TSLA,701.53,427,buy,NASDAQ
tx_0008142,2025-06-14 09:48:48,JNJ,168.82,692,buy,NYSE
tx_0000206,2025-06-14 09:48:49,JNJ,169.92,703,sell,NYSE
tx_0006712,2025-06-14 09:48:50,KO,55.77,423,buy,NYSE
tx_0006076,2025-06-14 09:48:51,PG,139.08,699,buy,NYSE
tx_0004332,2025-06-14 09:48:52,ADBE,604.9,428,buy,NASDAQ
tx_0003230,2025-06-14 09:48:52,MA,351.14,929,buy,NYSE
tx_0004782,2025-06-14 09:48:52,TSLA,704.13,211,buy,NASDAQ
tx_0001354,2025-06-14 09:48:55,BRK.B,273.29,129,buy,NYSE
tx_0001893,2025-06-14 09:49:03,V,219.03,659,sell,NYSE
tx_0004142,2025-06-14 09:49:04,NVDA,201.03,438,buy,NASDAQ
tx_0007734,2025-06-14 09:49:04,MCD,253.52,695,buy,NYSE
tx_0007323,2025-06-14 09:49:12,ADBE,603.15,972,buy,NASDAQ
tx_0006428,2025-06-14 09:49:12,MA,347.53,286,sell,NYSE
tx_0003008,2025-06-14 09:49:15,PEP,154.22,299,sell,NYSE
tx_0000972,2025-06-14 09:49:20,MA,349.41,300,sell,NYSE
tx_0009201,2025-06-14 09:49:24,PG,137.34,614,sell,NYSE
tx_0004948,2025-06-14 09:49:31,GOOGL,2824.63,557,sell,NASDAQ
tx_0002846,2025-06-14 09:49:34,AAPL,151.0,312,sell,NASDAQ
tx_0002898,2025-06-14 09:49:37,MSFT,296.05,907,buy,NASDAQ
tx_0005851,2025-06-14 09:49:41,ADBE,597.68,111,buy,NASDAQ
tx_0009019,2025-06-14 09:49:41,JNJ,167.8,672,buy,NYSE
tx_0005167,2025-06-14 09:49:58,WMT,142.82,391,buy,NYSE
tx_0000360,2025-06-14 09:49:59,GOOGL,2802.89,377,buy,NASDAQ
tx_0004464,2025-06-14 09:50:05,NFLX,501.57,109,sell,NASDAQ
tx_0007814,2025-06-14 09:50:05,MA,354.07,141,buy,NYSE
tx_0003780,2025-06-14 09:50:08,GOOGL,2780.73,100,sell,NASDAQ
tx_0006644,2025-06-14 09:50:11,PEP,153.35,785,buy,NYSE
tx_0001418,2025-06-14 09:50:15,PYPL,248.69,831,buy,NASDAQ
tx_0003691,2025-06-14 09:50:17,AMZN,3458.95,294,sell,NASDAQ
tx_0000633,2025-06-14 09:50:17,MSFT,294.97,826,buy,NASDAQ
tx_0000537,2025-06-14 09:50:26,JNJ,169.63,518,sell,NYSE
tx_0008010,2025-06-14 09:50:27,AAPL,152.87,268,buy,NASDAQ
tx_0006179,2025-06-14 09:50:28,AAPL,152.38,750,buy,NASDAQ
tx_0008881,2025-06-14 09:50:37,PG,139.09,793,sell,NYSE
tx_0009026,2025-06-14 09:50:38,MSFT,298.75,721,sell,NASDAQ
tx_0000017,2025-06-14 09:50:41,MA,347.9,657,sell,NYSE
tx_0001420,2025-06-14 09:50:46,PG,137.08,693,buy,NYSE
tx_0001181,2025-06-14 09:50:50,NVDA,202.93,466,sell,NASDAQ
tx_0001961,2025-06-14 09:50:50,WMT,144.15,329,sell,NYSE
tx_0003508,2025-06-14 09:50:54,MCD,253.76,295,buy,NYSE
tx_0001711,2025-06-14 09:50:58,JNJ,170.94,762,buy,NYSE
tx_0000772,2025-06-14 09:50:59,NVDA,200.48,393,buy,NASDAQ
tx_0002204,2025-06-14 09:51:00,AMZN,3413.81,499,sell,NASDAQ
tx_0000993,2025-06-14 09:51:11,PG,138.01,634,buy,NYSE
tx_0007088,2025-06-14 09:51:13,MCD,252.87,313,sell,NYSE
tx_0009784,2025-06-14 09:51:13,MSFT,301.76,494,buy,NASDAQ
tx_0009879,2025-06-14 09:51:14,PEP,151.41,606,buy,NYSE
tx_0008821,2025-06-14 09:51:15,AMZN,3434.7,597,buy,NASDAQ
tx_0003467,2025-06-14 09:51:19,PYPL,251.8,902,sell,NASDAQ
tx_0007265,2025-06-14 09:51:19,JNJ,168.83,172,buy,NYSE
tx_0001417,2025-06-14 09:51:24,JNJ,168.55,172,buy,NYSE
tx_0004483,2025-06-14 09:51:27,JNJ,168.09,658,buy,NYSE
tx_0003334,2025-06-14 09:51:28,KO,55.45,476,sell,NYSE
tx_0008907,2025-06-14 09:51:29,PEP,151.33,858,sell,NYSE
tx_0003687,2025-06-14 09:51:29,MSFT,301.81,492,sell,NASDAQ
tx_0009049,2025-06-14 09:51:31,TSLA,,800,buy,NASDAQ
tx_0003892,2025-06-14 09:51:37,PEP,152.3,630,sell,NYSE
tx_0008204,2025-06-14 09:51:37,KO,55.84,302,buy,NYSE
tx_0000484,2025-06-14 09:51:38,JNJ,169.01,168,sell,NYSE
tx_0009015,2025-06-14 09:51:40,TSLA,705.25,654,sell,NASDAQ
tx_0006190,2025-06-14 09:51:43,FB,327.01,564,buy,NASDAQ
tx_0002543,2025-06-14 09:51:43,PG,139.19,965,buy,NYSE
tx_0003194,2025-06-14 09:51:51,MCD,253.58,149,buy,NYSE
tx_0008762,2025-06-14 09:51:54,PEP,153.03,292,sell,NYSE
tx_0004311,2025-06-14 09:51:54,MSFT,301.52,297,buy,NASDAQ
tx_0009463,2025-06-14 09:51:58,MCD,251.4,754,buy,NYSE
tx_0005074,2025-06-14 09:51:59,V,218.82,473,sell,NYSE
tx_0009225,2025-06-14 09:52:01,JNJ,169.2,311,sell,NYSE
tx_0003845,2025-06-14 09:52:02,BRK.B,273.61,317,buy,NYSE
tx_0001991,2025-06-14 09:52:12,AAPL,149.62,823,buy,NASDAQ
tx_0009450,2025-06-14 09:52:12,JNJ,170.37,617,buy,NYSE
tx_0005770,2025-06-14 09:52:13,V,219.29,159,sell,NYSE
tx_0000659,2025-06-14 09:52:15,FB,325.46,220,sell,NASDAQ
tx_0002004,2025-06-14 09:52:15,V,218.15,497,buy,NYSE
tx_0004500,2025-06-14 09:52:17,V,219.93,264,buy,NYSE
tx_0001277,2025-06-14 09:52:18,MSFT,302.17,925,sell,NASDAQ
tx_0009756,2025-06-14 09:52:22,V,217.13,128,buy,NYSE
tx_0004793,2025-06-14 09:52:24,TSLA,704.13,696,buy,NASDAQ
tx_0002691,2025-06-14 09:52:28,V,216.94,506,buy,NYSE
tx_0004652,2025-06-14 09:52:32,WMT,143.66,828,sell,NYSE
tx_0006003,2025-06-14 09:52:32,MSFT,299.69,720,buy,NASDAQ
tx_0000801,2025-06-14 09:52:38,JNJ,170.39,379,sell,NYSE
tx_0009952,2025-06-14 09:52:42,WMT,142.68,554,sell,NYSE
tx_0008624,2025-06-14 09:52:42,MA,354.48,253,sell,NYSE
tx_0006283,2025-06-14 09:52:42,PG,138.75,326,sell,NYSE
tx_0005006,2025-06-14 09:52:44,V,218.55,500,sell,NYSE
tx_0000077,2025-06-14 09:52:46,DIS,182.88,246,buy,NYSE
tx_0003010,2025-06-14 09:52:46,ADBE,603.71,515,sell,NASDAQ
tx_0008919,2025-06-14 09:52:52,V,222.0,189,buy,NYSE
tx_0005740,2025-06-14 09:52:55,AMZN,3443.0,239,buy,NASDAQ
tx_0001557,2025-06-14 09:52:58,TSLA,696.17,786,buy,NASDAQ
tx_0006707,2025-06-14 09:53:00,BRK.B,277.26,950,sell,NYSE
tx_0003143,2025-06-14 09:53:03,MCD,250.82,104,buy,NYSE
tx_0004534,2025-06-14 09:53:09,PG,138.04,539,buy,NYSE
tx_0005763,2025-06-14 09:53:12,TSLA,701.72,610,sell,NASDAQ
tx_0003529,2025-06-14 09:53:13,BRK.B,274.84,590,sell,NYSE
tx_0006682,2025-06-14 09:53:13,MCD,249.51,319,sell,NYSE
tx_0002248,2025-06-14 09:53:17,NFLX,498.86,855,sell,NASDAQ
tx_0009227,2025-06-14 09:53:30,KO,55.83,769,sell,NYSE
tx_0009801,2025-06-14 09:53:31,MSFT,298.59,627,buy,NASDAQ
tx_0007022,2025-06-14 09:53:35,BRK.B,276.25,742,buy,NYSE
tx_0001677,2025-06-14 09:53:44,GOOGL,2818.84,233,buy,NASDAQ
tx_0005457,2025-06-14 09:53:53,GOOGL,2833.55,661,sell,NASDAQ
tx_0001967,2025-06-14 09:54:01,MA,352.24,151,buy,NYSE
tx_0005142,2025-06-14 09:54:01,TSLA,693.53,106,sell,NASDAQ
tx_0002059,2025-06-14 09:54:08,V,217.37,555,sell,NYSE
tx_0006096,2025-06-14 09:54:09,KO,55.4,379,sell,NYSE
tx_0001469,2025-06-14 09:54:10,V,217.73,962,buy,NYSE
tx_0005243,2025-06-14 09:54:15,AAPL,150.66,188,buy,NASDAQ
tx_0009555,2025-06-14 09:54:17,ADBE,604.52,266,sell,NASDAQ
tx_0001120,2025-06-14 09:54:22,MCD,253.5,832,buy,NYSE
tx_0009051,2025-06-14 09:54:24,BRK.B,275.46,949,buy,NYSE
tx_0001614,2025-06-14 09:54:26,WMT,143.75,460,sell,NYSE
tx_0009967,2025-06-14 09:54:29,AMZN,3475.02,689,sell,NASDAQ
tx_0000936,2025-06-14 09:54:31,MA,349.95,944,sell,NYSE
tx_0002259,2025-06-14 09:54:34,JNJ,167.55,626,sell,NYSE
tx_0005481,2025-06-14 09:54:37,KO,56.14,443,sell,
tx_0007083,2025-06-14 09:54:40,MSFT,304.59,281,buy,NASDAQ
tx_0005118,2025-06-14 09:54:40,MA,349.72,860,buy,NYSE
tx_0007216,2025-06-14 09:54:47,MSFT,304.37,277,sell,NASDAQ
tx_0000912,2025-06-14 09:54:49,GOOGL,2803.79,827,sell,NASDAQ
tx_0000984,2025-06-14 09:54:58,DIS,182.69,730,buy,NYSE
tx_0001628,2025-06-14 09:55:01,NFLX,505.38,150,sell,NASDAQ
tx_0000840,2025-06-14 09:55:04,AAPL,150.54,722,sell,NASDAQ
tx_0003368,2025-06-14 09:55:04,PYPL,252.22,309,sell,NASDAQ
tx_0006992,2025-06-14 09:55:08,FB,332.62,905,buy,NASDAQ
tx_0009968,2025-06-14 09:55:13,WMT,144.36,307,buy,NYSE
tx_0007573,2025-06-14 09:55:14,KO,56.53,421,sell,NYSE
tx_0000712,2025-06-14 09:55:15,MA,348.47,585,sell,NYSE
tx_0001875,2025-06-14 09:55:24,TSLA,694.01,823,sell,
tx_0000678,2025-06-14 09:55:27,KO,56.16,228,buy,NYSE
tx_0006009,2025-06-14 09:55:28,MSFT,301.19,214,buy,NASDAQ
tx_0007575,2025-06-14 09:55:29,BRK.B,273.25,904,buy,NYSE
tx_0000101,2025-06-14 09:55:34,GOOGL,2811.54,886,buy,NASDAQ
tx_0003970,2025-06-14 09:55:36,NFLX,502.94,418,buy,NASDAQ
tx_0007938,2025-06-14 09:55:36,BRK.B,277.28,580,buy,NYSE
tx_0000695,2025-06-14 09:55:37,GOOGL,2822.13,723,sell,NASDAQ
tx_0002402,2025-06-14 09:55:41,AMZN,3446.55,497,buy,NASDAQ
tx_0002608,2025-06-14 09:55:42,GOOGL,2817.48,400,sell,NASDAQ
tx_0002040,2025-06-14 09:55:44,DIS,183.49,603,sell,NYSE
tx_0006152,2025-06-14 09:55:52,TSLA,695.13,131,buy,NASDAQ
tx_0000010,2025-06-14 09:55:53,GOOGL,2807.8,836,sell,NASDAQ
tx_0004059,2025-06-14 09:56:00,BRK.B,273.75,770,sell,NYSE
tx_0004224,2025-06-14 09:56:00,V,221.6,356,sell,NYSE
tx_0000380,2025-06-14 09:56:04,AMZN,3435.69,245,sell,NASDAQ
tx_0000952,2025-06-14 09:56:07,FB,331.43,779,sell,NASDAQ
tx_0003028,2025-06-14 09:56:09,NVDA,201.0,324,sell,NASDAQ
tx_0003668,2025-06-14 09:56:11,GOOGL,2769.09,226,sell,NASDAQ
tx_0006155,2025-06-14 09:56:12,KO,55.61,279,sell,NYSE
tx_0002167,2025-06-14 09:56:13,NVDA,201.06,874,buy,NASDAQ
tx_0004588,2025-06-14 09:56:13,NVDA,202.01,654,buy,NASDAQ
tx_0006921,2025-06-14 09:56:14,TSLA,696.06,537,sell,NASDAQ
tx_0009957,2025-06-14 09:56:15,FB,332.17,264,sell,NASDAQ
tx_0001337,2025-06-14 09:56:17,GOOGL,2789.62,830,sell,NASDAQ
tx_0008941,2025-06-14 09:56:19,MA,352.7,591,buy,NYSE
tx_0005874,2025-06-14 09:56:21,PG,138.15,407,sell,NYSE
tx_0003122,2025-06-14 09:56:23,PG,137.56,277,buy,NYSE
tx_0009447,2025-06-14 09:56:28,V,219.85,495,buy,NYSE
tx_0008841,2025-06-14 09:56:30,MA,350.89,321,buy,NYSE
tx_0005659,2025-06-14 09:56:34,MA,347.25,205,sell,NYSE
tx_0009476,2025-06-14 09:56:36,MSFT,301.21,545,buy,NASDAQ
tx_0005158,2025-06-14 09:56:49,PG,137.42,823,buy,NYSE
tx_0009283,2025-06-14 09:56:49,MSFT,300.74,838,buy,NASDAQ
tx_0006446,2025-06-14 09:56:50,V,217.21,627,buy,NYSE
tx_0002971,2025-06-14 09:56:51,MSFT,298.49,794,sell,NASDAQ
tx_0009199,2025-06-14 09:56:54,ADBE,598.18,178,buy,NASDAQ
tx_0009390,2025-06-14 09:57:07,GOOGL,2818.01,479,buy,NASDAQ
tx_0002013,2025-06-14 09:57:07,PYPL,252.2,742,buy,NASDAQ
tx_0007578,2025-06-14 09:57:08,PEP,153.85,617,sell,NYSE
tx_0007943,2025-06-14 09:57:08,PG,139.9,100,sell,NYSE
tx_0005546,2025-06-14 09:57:10,NVDA,201.02,651,sell,NASDAQ
tx_0002154,2025-06-14 09:57:12,WMT,143.59,485,sell,NYSE
tx_0006862,2025-06-14 09:57:15,JNJ,167.86,257,sell,NYSE
tx_0008712,2025-06-14 09:57:16,GOOGL,2779.84,481,sell,NASDAQ
tx_0009380,2025-06-14 09:57:19,MCD,248.51,675,sell,NYSE
tx_0000670,2025-06-14 09:57:23,TSLA,698.74,580,buy,
tx_0009965,2025-06-14 09:57:25,WMT,142.59,419,buy,NYSE
tx_0003837,2025-06-14 09:57:29,AMZN,3449.92,601,sell,NASDAQ
tx_0004658,2025-06-14 09:57:29,PYPL,253.19,607,sell,NASDAQ
tx_0007918,2025-06-14 09:57:31,BRK.B,,440,sell,NYSE
tx_0000199,2025-06-14 09:57:31,MSFT,305.5,980,,NASDAQ
tx_0005380,2025-06-14 09:57:33,TSLA,702.76,821,sell,NASDAQ
tx_0007217,2025-06-14 09:57:34,MSFT,305.12,732,sell,NASDAQ
tx_0007910,2025-06-14 09:57:36,GOOGL,2806.0,418,sell,NASDAQ
tx_0009651,2025-06-14 09:57:37,FB,326.24,791,sell,NASDAQ
tx_0009243,2025-06-14 09:57:41,GOOGL,2812.63,956,buy,NASDAQ
tx_0008775,2025-06-14 09:57:42,WMT,143.94,530,sell,NYSE
tx_0003095,2025-06-14 09:57:46,WMT,141.56,441,buy,NYSE
tx_0007600,2025-06-14 09:57:52,TSLA,705.66,418,sell,NASDAQ
tx_0007649,2025-06-14 09:57:55,KO,56.11,321,sell,NYSE
tx_0000962,2025-06-14 09:57:55,GOOGL,2789.92,125,sell,NASDAQ
tx_0005892,2025-06-14 09:57:55,KO,56.01,753,buy,NYSE
tx_0008448,2025-06-14 09:57:58,MA,352.83,921,sell,NYSE
tx_0001814,2025-06-14 09:58:02,NVDA,201.2,357,buy,NASDAQ
tx_0008368,2025-06-14 09:58:03,PEP,151.5,526,sell,NYSE
tx_0000765,2025-06-14 09:58:04,MA,351.37,343,sell,NYSE
tx_0005957,2025-06-14 09:58:05,AMZN,3468.97,617,sell,NASDAQ
tx_0009666,2025-06-14 09:58:07,MA,346.53,563,buy,NYSE
tx_0008812,2025-06-14 09:58:07,PEP,152.47,936,buy,NYSE
tx_0005093,2025-06-14 09:58:07,V,217.84,756,buy,NYSE
tx_0003461,2025-06-14 09:58:08,WMT,143.49,285,sell,NYSE
tx_0007789,2025-06-14 09:58:13,AMZN,3426.43,647,sell,NASDAQ
tx_0002722,2025-06-14 09:58:14,PG,139.24,160,sell,NYSE
tx_0006844,2025-06-14 09:58:28,MA,346.36,696,buy,NYSE
tx_0000310,2025-06-14 09:58:34,PEP,153.94,155,sell,NYSE
tx_0007957,2025-06-14 09:58:34,PYPL,248.74,187,sell,NASDAQ
tx_0008256,2025-06-14 09:58:36,NVDA,202.89,757,buy,
tx_0003388,2025-06-14 09:58:38,WMT,143.3,547,buy,NYSE
tx_0009145,2025-06-14 09:58:40,MSFT,301.77,579,buy,NASDAQ
tx_0003465,2025-06-14 09:58:40,AAPL,149.98,173,buy,NASDAQ
tx_0000255,2025-06-14 09:58:41,MCD,248.07,786,buy,NYSE
tx_0006240,2025-06-14 09:58:45,NVDA,201.85,817,sell,NASDAQ
tx_0005665,2025-06-14 09:58:45,PYPL,251.13,236,sell,NASDAQ
tx_0007527,2025-06-14 09:58:48,AMZN,3473.14,997,buy,NASDAQ
tx_0005599,2025-06-14 09:58:50,DIS,182.77,793,buy,NYSE
tx_0005967,2025-06-14 09:58:51,NFLX,503.76,488,buy,NASDAQ
tx_0004399,2025-06-14 09:58:58,MA,349.21,787,sell,NYSE
tx_0001951,2025-06-14 09:59:00,WMT,143.38,441,sell,NYSE
tx_0001127,2025-06-14 09:59:02,BRK.B,276.55,520,buy,NYSE
tx_0003933,2025-06-14 09:59:02,DIS,181.36,626,buy,NYSE
tx_0009211,2025-06-14 09:59:09,NFLX,499.44,558,sell,NASDAQ
tx_0008167,2025-06-14 09:59:11,ADBE,595.38,737,buy,NASDAQ
tx_0004077,2025-06-14 09:59:12,DIS,181.74,338,sell,NYSE
tx_0005687,2025-06-14 09:59:13,KO,56.27,978,sell,NYSE
tx_0007705,2025-06-14 09:59:15,PG,139.41,775,buy,NYSE
tx_0009197,2025-06-14 09:59:18,PG,139.7,257,sell,NYSE
tx_0000175,2025-06-14 09:59:20,KO,55.48,817,sell,
tx_0007136,2025-06-14 09:59:21,MCD,252.53,207,sell,NYSE
tx_0008040,2025-06-14 09:59:24,PG,139.86,915,buy,NYSE
tx_0004340,2025-06-14 09:59:30,DIS,183.95,572,buy,NYSE
tx_0007598,2025-06-14 09:59:32,NFLX,499.57,675,buy,NASDAQ
tx_0004259,2025-06-14 09:59:34,NFLX,499.0,791,sell,NASDAQ
tx_0000759,2025-06-14 09:59:34,NFLX,506.37,114,sell,NASDAQ
tx_0004411,2025-06-14 09:59:35,ADBE,592.71,186,sell,NASDAQ
tx_0008152,2025-06-14 09:59:37,MCD,249.23,852,sell,NYSE
tx_0008381,2025-06-14 09:59:41,KO,55.56,295,sell,NYSE
tx_0006822,2025-06-14 09:59:43,AAPL,149.02,541,sell,NASDAQ
tx_0002066,2025-06-14 09:59:43,PG,140.04,286,buy,NYSE
tx_0006385,2025-06-14 09:59:49,PEP,154.3,566,buy,NYSE
tx_0003441,2025-06-14 09:59:49,NVDA,202.78,907,buy,NASDAQ
tx_0002792,2025-06-14 09:59:51,NVDA,201.34,562,sell,NASDAQ
tx_0006006,2025-06-14 09:59:52,KO,55.88,585,buy,NYSE
tx_0003007,2025-06-14 09:59:55,NVDA,203.95,627,buy,NASDAQ
tx_0007641,2025-06-14 09:59:57,BRK.B,278.47,928,sell,NYSE
tx_0004929,2025-06-14 10:00:00,PEP,152.59,381,sell,NYSE
tx_0001642,2025-06-14 10:00:06,JNJ,167.9,800,buy,NYSE
tx_0008395,2025-06-14 10:00:07,GOOGL,2791.08,743,buy,NASDAQ
tx_0004990,2025-06-14 10:00:10,BRK.B,275.29,551,sell,NYSE
tx_0000512,2025-06-14 10:00:13,GOOGL,2790.93,683,buy,NASDAQ
tx_0007539,2025-06-14 10:00:15,NFLX,499.51,983,sell,NASDAQ
tx_0002633,2025-06-14 10:00:15,MCD,250.38,455,sell,NYSE
tx_0004225,2025-06-14 10:00:15,NFLX,498.74,774,sell,NASDAQ
tx_0003591,2025-06-14 10:00:15,PEP,154.05,792,buy,NYSE
tx_0008992,2025-06-14 10:00:16,AAPL,149.39,591,sell,NASDAQ
tx_0002411,2025-06-14 10:00:17,KO,55.53,715,buy,NYSE
tx_0003317,2025-06-14 10:00:19,BRK.B,275.47,993,sell,NYSE
tx_0008597,2025-06-14 10:00:22,PYPL,250.92,324,sell,NASDAQ
tx_0004831,2025-06-14 10:00:23,ADBE,594.71,571,sell,NASDAQ
tx_0006081,2025-06-14 10:00:30,V,217.05,607,,NYSE
tx_0002043,2025-06-14 10:00:35,PG,139.92,907,buy,NYSE
tx_0000337,2025-06-14 10:00:36,PYPL,249.83,706,buy,NASDAQ
tx_0005103,2025-06-14 10:00:37,GOOGL,2825.24,386,sell,NASDAQ
tx_0004693,2025-06-14 10:00:37,AAPL,150.43,522,sell,NASDAQ
tx_0001575,2025-06-14 10:00:38,KO,55.61,294,buy,NYSE
tx_0001032,2025-06-14 10:00:46,DIS,180.27,638,buy,NYSE
tx_0007234,2025-06-14 10:00:47,FB,329.45,862,buy,NASDAQ
tx_0002456,2025-06-14 10:00:50,V,217.46,198,buy,NYSE
tx_0001828,2025-06-14 10:00:53,FB,324.68,553,sell,NASDAQ
tx_0001341,2025-06-14 10:00:58,V,219.33,902,buy,NYSE
tx_0008834,2025-06-14 10:00:59,DIS,179.65,265,buy,NYSE
tx_0000317,2025-06-14 10:01:04,MA,346.71,113,buy,NYSE
tx_0001422,2025-06-14 10:01:04,TSLA,692.4,818,buy,NASDAQ
tx_0008902,2025-06-14 10:01:05,WMT,143.75,222,buy,NYSE
tx_0001509,2025-06-14 10:01:05,BRK.B,277.3,475,buy,NYSE
tx_0000393,2025-06-14 10:01:06,MCD,253.14,611,sell,NYSE
tx_0002872,2025-06-14 10:01:06,FB,327.79,182,buy,NASDAQ
tx_0001871,2025-06-14 10:01:08,WMT,141.25,100,buy,NYSE
tx_0001306,2025-06-14 10:01:08,AAPL,150.37,395,buy,NASDAQ
tx_0006520,2025-06-14 10:01:13,NVDA,202.31,272,buy,NASDAQ
tx_0005386,2025-06-14 10:01:16,NFLX,501.35,622,sell,NASDAQ
tx_0002384,2025-06-14 10:01:17,WMT,143.79,952,sell,NYSE
tx_0005203,2025-06-14 10:01:32,GOOGL,2798.75,712,sell,NASDAQ
tx_0007146,2025-06-14 10:01:33,PYPL,255.04,118,buy,NASDAQ
tx_0005782,2025-06-14 10:01:34,AMZN,3470.71,339,buy,NASDAQ
tx_0004682,2025-06-14 10:01:41,AAPL,148.44,978,buy,NASDAQ
tx_0000338,2025-06-14 10:01:42,AMZN,3474.18,252,buy,NASDAQ
tx_0008730,2025-06-14 10:01:43,WMT,141.89,445,sell,NYSE
tx_0005640,2025-06-14 10:01:43,PG,139.81,138,buy,NYSE
tx_0002156,2025-06-14 10:01:47,MCD,253.1,151,buy,NYSE
tx_0006655,2025-06-14 10:01:48,NVDA,202.99,873,buy,NASDAQ
tx_0000827,2025-06-14 10:01:50,BRK.B,278.73,915,sell,NYSE
tx_0000861,2025-06-14 10:01:51,FB,328.62,405,sell,NASDAQ
tx_0008336,2025-06-14 10:01:52,NFLX,505.21,608,buy,NASDAQ
tx_0002217,2025-06-14 10:01:52,BRK.B,274.5,249,sell,NYSE
tx_0007295,2025-06-14 10:01:56,KO,55.4,487,buy,NYSE
tx_0001184,2025-06-14 10:01:57,FB,330.28,877,sell,NASDAQ
tx_0005368,2025-06-14 10:02:03,AAPL,148.83,143,buy,NASDAQ
tx_0004396,2025-06-14 10:02:08,ADBE,605.55,277,buy,NASDAQ
tx_0004969,2025-06-14 10:02:09,PYPL,252.64,608,buy,NASDAQ
tx_0000447,2025-06-14 10:02:10,PEP,152.34,531,buy,NYSE
tx_0003814,2025-06-14 10:02:14,PYPL,253.72,924,sell,NASDAQ
tx_0009766,2025-06-14 10:02:15,PG,138.12,439,buy,NYSE
tx_0007039,2025-06-14 10:02:17,GOOGL,2833.97,349,buy,NASDAQ
tx_0006350,2025-06-14 10:02:17,KO,56.08,274,sell,NYSE
tx_0008640,2025-06-14 10:02:20,KO,55.63,631,buy,NYSE
tx_0001097,2025-06-14 10:02:22,MA,348.59,871,sell,NYSE
tx_0003880,2025-06-14 10:02:23,PEP,151.39,156,buy,NYSE
tx_0001555,2025-06-14 10:02:23,TSLA,693.97,883,buy,NASDAQ
tx_0008766,2025-06-14 10:02:24,V,216.29,882,sell,NYSE
tx_0003806,2025-06-14 10:02:24,BRK.B,276.34,465,buy,NYSE
tx_0005681,2025-06-14 10:02:26,WMT,143.19,156,sell,NYSE
tx_0004460,2025-06-14 10:02:27,DIS,183.35,632,buy,NYSE
tx_0009014,2025-06-14 10:02:28,MCD,254.51,126,buy,NYSE
tx_0009548,2025-06-14 10:02:28,WMT,143.53,271,sell,NYSE
tx_0005300,2025-06-14 10:02:34,KO,55.6,922,buy,NYSE
tx_0008555,2025-06-14 10:02:35,GOOGL,2820.7,483,buy,NASDAQ
tx_0005658,2025-06-14 10:02:36,BRK.B,273.63,898,buy,NYSE
tx_0009562,2025-06-14 10:02:37,MSFT,304.5,303,buy,
tx_0005062,2025-06-14 10:02:38,TSLA,698.62,823,buy,NASDAQ
tx_0002460,2025-06-14 10:02:40,MA,348.55,567,buy,NYSE
tx_0008854,2025-06-14 10:02:40,MA,345.79,771,sell,NYSE
tx_0003121,2025-06-14 10:02:41,AMZN,3475.9,650,sell,NASDAQ
tx_0009599,2025-06-14 10:02:49,DIS,181.03,764,buy,NYSE
tx_0006562,2025-06-14 10:02:50,DIS,182.74,107,buy,NYSE
tx_0005857,2025-06-14 10:02:52,JNJ,169.11,981,buy,NYSE
tx_0008858,2025-06-14 10:02:54,GOOGL,2831.97,989,sell,NASDAQ
tx_0005754,2025-06-14 10:02:58,GOOGL,2810.86,986,buy,NASDAQ
tx_0002919,2025-06-14 10:02:59,MA,349.87,234,sell,NYSE
tx_0002695,2025-06-14 10:03:01,DIS,181.45,100,buy,NYSE
tx_0004774,2025-06-14 10:03:01,NVDA,203.11,635,buy,NASDAQ
tx_0005192,2025-06-14 10:03:02,PEP,152.43,928,buy,NYSE
tx_0001051,2025-06-14 10:03:03,BRK.B,278.33,926,buy,NYSE
tx_0008409,2025-06-14 10:03:05,NFLX,508.92,626,sell,
tx_0006085,2025-06-14 10:03:07,JNJ,168.08,288,sell,NYSE
tx_0008334,2025-06-14 10:03:07,FB,329.27,584,sell,NASDAQ
tx_0008202,2025-06-14 10:03:18,TSLA,701.29,797,buy,NASDAQ
tx_0001511,2025-06-14 10:03:21,PEP,151.17,186,sell,NYSE
tx_0006489,2025-06-14 10:03:32,MCD,252.2,148,sell,NYSE
tx_0003608,2025-06-14 10:03:32,MCD,250.24,204,sell,NYSE
tx_0002993,2025-06-14 10:03:33,PG,139.98,979,buy,NYSE
tx_0007678,2025-06-14 10:03:33,PEP,150.57,828,sell,NYSE
tx_0001932,2025-06-14 10:03:41,WMT,141.62,549,sell,NYSE
tx_0009510,2025-06-14 10:03:42,V,218.55,995,sell,NYSE
tx_0007428,2025-06-14 10:03:43,DIS,181.31,751,sell,NYSE
tx_0005353,2025-06-14 10:03:47,MA,350.09,969,buy,NYSE
tx_0004690,2025-06-14 10:03:50,AMZN,3466.35,830,buy,NASDAQ
tx_0002205,2025-06-14 10:03:50,TSLA,692.44,919,buy,NASDAQ
tx_0003809,2025-06-14 10:03:52,GOOGL,2799.99,316,buy,NASDAQ
tx_0005863,2025-06-14 10:03:53,MSFT,306.88,822,sell,NASDAQ
tx_0001611,2025-06-14 10:03:54,PYPL,251.41,979,sell,NASDAQ
tx_0004097,2025-06-14 10:03:59,PG,138.16,638,sell,NYSE
tx_0006104,2025-06-14 10:04:03,NVDA,203.26,264,buy,NASDAQ
tx_0009095,2025-06-14 10:04:03,PEP,153.41,524,buy,NYSE
tx_0000340,2025-06-14 10:04:08,MCD,250.25,818,sell,NYSE
tx_0001409,2025-06-14 10:04:12,DIS,181.91,365,sell,NYSE
tx_0004031,2025-06-14 10:04:14,WMT,141.66,397,buy,NYSE
tx_0002421,2025-06-14 10:04:16,MA,350.59,134,sell,NYSE
tx_0006487,2025-06-14 10:04:17,MCD,253.63,751,buy,NYSE
tx_0009203,2025-06-14 10:04:18,TSLA,699.59,462,buy,NASDAQ
tx_0007244,2025-06-14 10:04:18,NVDA,201.18,188,sell,NASDAQ
tx_0000350,2025-06-14 10:04:21,KO,55.72,892,buy,NYSE
tx_0006305,2025-06-14 10:04:22,DIS,180.43,994,buy,NYSE
tx_0001247,2025-06-14 10:04:22,MSFT,302.96,440,buy,NASDAQ
tx_0003905,2025-06-14 10:04:25,V,217.75,227,sell,NYSE
tx_0004113,2025-06-14 10:04:25,FB,328.69,705,sell,NASDAQ
tx_0000776,2025-06-14 10:04:28,MA,345.9,256,buy,NYSE
tx_0007389,2025-06-14 10:04:29,WMT,140.31,127,sell,NYSE
tx_0003456,2025-06-14 10:04:31,FB,327.66,945,buy,NASDAQ
tx_0007200,2025-06-14 10:04:32,MSFT,301.74,856,sell,NASDAQ
tx_0006062,2025-06-14 10:04:32,V,219.14,705,sell,NYSE
tx_0004566,2025-06-14 10:04:35,AAPL,147.3,289,buy,NASDAQ
tx_0009423,2025-06-14 10:04:36,PG,139.43,761,buy,NYSE
tx_0000440,2025-06-14 10:04:39,KO,56.35,482,sell,NYSE
tx_0009229,2025-06-14 10:04:40,WMT,143.05,201,sell,NYSE
tx_0008390,2025-06-14 10:04:43,NVDA,203.71,196,buy,NASDAQ
tx_0000454,2025-06-14 10:04:50,PG,138.94,799,buy,NYSE
tx_0007714,2025-06-14 10:04:53,WMT,141.25,356,buy,NYSE
tx_0006044,2025-06-14 10:04:53,MSFT,305.04,104,sell,NASDAQ
tx_0006943,2025-06-14 10:04:55,MCD,,329,sell,NYSE
tx_0000685,2025-06-14 10:04:55,V,218.07,280,buy,NYSE
tx_0000914,2025-06-14 10:04:59,DIS,180.87,183,sell,NYSE
tx_0003732,2025-06-14 10:04:59,V,219.03,190,buy,NYSE
tx_0000631,2025-06-14 10:05:06,TSLA,702.07,720,,NASDAQ
tx_0000762,2025-06-14 10:05:09,AMZN,3478.2,256,buy,NASDAQ
tx_0008108,2025-06-14 10:05:09,PEP,152.54,680,buy,NYSE
tx_0008294,2025-06-14 10:05:09,FB,325.83,127,sell,NASDAQ
tx_0006148,2025-06-14 10:05:12,MA,348.39,194,buy,NYSE
tx_0000921,2025-06-14 10:05:17,PG,138.23,748,sell,NYSE
tx_0001897,2025-06-14 10:05:18,PYPL,256.39,987,buy,NASDAQ
tx_0006695,2025-06-14 10:05:22,ADBE,596.0,160,sell,NASDAQ
tx_0001250,2025-06-14 10:05:33,AMZN,3461.61,309,,NASDAQ
tx_0005492,2025-06-14 10:05:34,V,218.3,306,sell,NYSE
tx_0000688,2025-06-14 10:05:34,JNJ,,616,buy,NYSE
tx_0006650,2025-06-14 10:05:40,MA,349.49,780,sell,NYSE
tx_0002632,2025-06-14 10:05:45,MA,345.43,129,sell,NYSE
tx_0009609,2025-06-14 10:05:47,KO,,684,sell,NYSE
tx_0007252,2025-06-14 10:05:49,WMT,142.53,104,sell,NYSE
tx_0000304,2025-06-14 10:05:50,MCD,252.82,175,sell,NYSE
tx_0007068,2025-06-14 10:05:53,KO,55.46,274,sell,NYSE
tx_0000033,2025-06-14 10:05:54,JNJ,167.81,391,buy,NYSE
tx_0008631,2025-06-14 10:05:55,MSFT,305.36,205,sell,NASDAQ
tx_0001955,2025-06-14 10:05:56,JNJ,169.51,769,buy,NYSE
tx_0009772,2025-06-14 10:05:56,AMZN,3446.13,473,buy,NASDAQ
tx_0008770,2025-06-14 10:05:56,NFLX,509.77,860,sell,NASDAQ
tx_0009776,2025-06-14 10:06:08,ADBE,606.47,686,sell,NASDAQ
tx_0002149,2025-06-14 10:06:09,ADBE,608.78,191,buy,NASDAQ
tx_0004383,2025-06-14 10:06:14,ADBE,598.1,569,sell,NASDAQ
tx_0009934,2025-06-14 10:06:14,TSLA,696.21,531,sell,NASDAQ
tx_0005872,2025-06-14 10:06:18,MSFT,305.15,726,sell,NASDAQ
tx_0001067,2025-06-14 10:06:21,PEP,151.53,393,buy,NYSE
tx_0006329,2025-06-14 10:06:22,V,216.23,851,sell,NYSE
tx_0006542,2025-06-14 10:06:23,ADBE,608.41,491,buy,NASDAQ
tx_0001072,2025-06-14 10:06:24,PEP,151.1,244,sell,NYSE
tx_0009927,2025-06-14 10:06:24,PYPL,256.21,935,buy,NASDAQ
tx_0009395,2025-06-14 10:06:25,PYPL,253.38,288,sell,NASDAQ
tx_0004925,2025-06-14 10:06:28,AMZN,3413.07,280,sell,NASDAQ
tx_0002532,2025-06-14 10:06:30,MA,346.31,469,sell,NYSE
tx_0002100,2025-06-14 10:06:37,MA,347.49,353,sell,NYSE
tx_0006020,2025-06-14 10:06:37,KO,56.39,211,buy,NYSE
tx_0004667,2025-06-14 10:06:40,MA,346.3,568,buy,NYSE
tx_0001319,2025-06-14 10:06:42,KO,55.99,196,sell,NYSE
tx_0006231,2025-06-14 10:06:50,PEP,152.71,353,sell,NYSE
tx_0003626,2025-06-14 10:06:50,MA,342.96,674,buy,NYSE
tx_0009785,2025-06-14 10:06:51,MA,349.43,663,sell,NYSE
tx_0002576,2025-06-14 10:06:52,MSFT,308.73,222,buy,NASDAQ
tx_0002573,2025-06-14 10:06:53,WMT,143.25,911,buy,NYSE
tx_0001713,2025-06-14 10:06:55,WMT,143.31,923,sell,NYSE
tx_0008128,2025-06-14 10:07:04,AAPL,148.16,373,buy,NASDAQ
tx_0002181,2025-06-14 10:07:06,PYPL,253.61,707,buy,NASDAQ
tx_0007056,2025-06-14 10:07:13,MCD,252.23,480,sell,NYSE
tx_0004582,2025-06-14 10:07:13,NFLX,507.41,982,buy,NASDAQ
tx_0004093,2025-06-14 10:07:16,TSLA,693.72,841,buy,NASDAQ
tx_0000642,2025-06-14 10:07:16,NVDA,201.13,660,buy,NASDAQ
tx_0006700,2025-06-14 10:07:18,KO,56.42,861,sell,NYSE
tx_0009151,2025-06-14 10:07:18,DIS,182.24,301,buy,NYSE
tx_0001503,2025-06-14 10:07:21,GOOGL,2859.74,512,buy,NASDAQ
tx_0007369,2025-06-14 10:07:21,GOOGL,2856.81,879,buy,NASDAQ
tx_0003773,2025-06-14 10:07:23,MA,343.03,990,buy,NYSE
tx_0004254,2025-06-14 10:07:24,MCD,248.74,854,buy,NYSE
tx_0001006,2025-06-14 10:07:31,KO,56.2,581,sell,NYSE
tx_0003434,2025-06-14 10:07:31,PEP,152.16,493,sell,NYSE
tx_0006468,2025-06-14 10:07:31,BRK.B,277.09,302,sell,NYSE
tx_0008509,2025-06-14 10:07:34,FB,329.62,763,sell,NASDAQ
tx_0003513,2025-06-14 10:07:35,JNJ,169.65,181,buy,NYSE
tx_0007663,2025-06-14 10:07:39,AMZN,3434.01,230,sell,NASDAQ
tx_0006501,2025-06-14 10:07:42,NVDA,202.58,818,buy,NASDAQ
tx_0009854,2025-06-14 10:07:45,WMT,142.27,739,sell,NYSE
tx_0002962,2025-06-14 10:07:46,KO,55.94,281,buy,NYSE
tx_0005371,2025-06-14 10:07:51,PG,138.78,525,sell,NYSE
tx_0003098,2025-06-14 10:07:53,V,217.5,162,sell,NYSE
tx_0009311,2025-06-14 10:07:54,BRK.B,276.25,660,sell,NYSE
tx_0004089,2025-06-14 10:07:54,KO,56.69,990,buy,NYSE
tx_0002228,2025-06-14 10:07:57,NVDA,200.84,851,sell,NASDAQ
tx_0005890,2025-06-14 10:07:59,BRK.B,275.15,357,buy,NYSE
tx_0005699,2025-06-14 10:08:00,FB,328.45,717,buy,NASDAQ
tx_0009477,2025-06-14 10:08:02,AMZN,3423.84,179,sell,NASDAQ
tx_0009246,2025-06-14 10:08:02,TSLA,700.07,236,sell,NASDAQ
tx_0007763,2025-06-14 10:08:04,KO,55.88,981,buy,NYSE
tx_0000874,2025-06-14 10:08:06,GOOGL,2868.42,982,sell,NASDAQ
tx_0008836,2025-06-14 10:08:13,MSFT,307.46,122,sell,NASDAQ
tx_0003859,2025-06-14 10:08:18,MCD,250.46,640,sell,NYSE
tx_0007912,2025-06-14 10:08:20,PYPL,252.87,761,sell,NASDAQ
tx_0009839,2025-06-14 10:08:24,MA,346.87,174,buy,NYSE
tx_0005938,2025-06-14 10:08:25,PYPL,253.63,118,buy,NASDAQ
tx_0009473,2025-06-14 10:08:25,NFLX,499.75,202,buy,NASDAQ
tx_0006804,2025-06-14 10:08:26,JNJ,169.12,129,buy,NYSE
tx_0009777,2025-06-14 10:08:27,TSLA,704.82,126,sell,NASDAQ
tx_0001216,2025-06-14 10:08:29,PEP,151.07,692,sell,
tx_0005752,2025-06-14 10:08:31,MSFT,304.16,702,buy,NASDAQ
tx_0002038,2025-06-14 10:08:31,MCD,250.93,594,buy,NYSE
tx_0007101,2025-06-14 10:08:35,AMZN,3436.38,433,buy,NASDAQ
tx_0004634,2025-06-14 10:08:36,AMZN,3470.45,999,buy,NASDAQ
tx_0005280,2025-06-14 10:08:40,JNJ,169.39,887,buy,NYSE
tx_0004716,2025-06-14 10:08:44,MA,344.24,200,sell,NYSE
tx_0008447,2025-06-14 10:08:44,V,218.41,530,buy,NYSE
tx_0004069,2025-06-14 10:08:47,JNJ,171.55,437,buy,NYSE
tx_0008148,2025-06-14 10:08:53,BRK.B,275.55,509,buy,NYSE
tx_0004826,2025-06-14 10:08:54,MCD,250.83,258,sell,NYSE
tx_0006376,2025-06-14 10:08:57,TSLA,694.05,936,buy,NASDAQ
tx_0005050,2025-06-14 10:09:00,AAPL,149.25,975,buy,NASDAQ
tx_0006727,2025-06-14 10:09:00,BRK.B,278.13,704,buy,NYSE
tx_0002714,2025-06-14 10:09:00,ADBE,596.39,635,buy,NASDAQ
tx_0006187,2025-06-14 10:09:04,BRK.B,276.87,946,sell,NYSE
tx_0003757,2025-06-14 10:09:09,PYPL,253.68,281,buy,NASDAQ
tx_0000884,2025-06-14 10:09:15,TSLA,698.55,718,buy,NASDAQ
tx_0009352,2025-06-14 10:09:24,MSFT,306.62,854,sell,NASDAQ
tx_0006725,2025-06-14 10:09:25,PYPL,257.61,379,buy,NASDAQ
tx_0005781,2025-06-14 10:09:29,JNJ,172.07,498,sell,NYSE
tx_0003654,2025-06-14 10:09:30,BRK.B,276.6,970,sell,NYSE
tx_0005175,2025-06-14 10:09:31,AMZN,3485.35,811,buy,NASDAQ
tx_0002276,2025-06-14 10:09:33,V,214.99,249,buy,NYSE
tx_0002355,2025-06-14 10:09:34,BRK.B,,161,buy,NYSE
tx_0000071,2025-06-14 10:09:36,AAPL,149.41,371,sell,NASDAQ
tx_0009855,2025-06-14 10:09:37,MA,347.71,616,buy,NYSE
tx_0006481,2025-06-14 10:09:39,V,215.89,548,sell,NYSE
tx_0005538,2025-06-14 10:09:41,BRK.B,275.68,359,sell,NYSE
tx_0008899,2025-06-14 10:09:43,PG,139.11,426,sell,NYSE
tx_0000586,2025-06-14 10:09:44,BRK.B,276.49,927,sell,NYSE
tx_0002231,2025-06-14 10:09:47,PG,139.54,587,buy,NYSE
tx_0002641,2025-06-14 10:09:52,DIS,178.91,973,buy,NYSE
tx_0008094,2025-06-14 10:09:54,DIS,178.29,722,sell,NYSE
tx_0000220,2025-06-14 10:09:58,JNJ,171.39,184,buy,NYSE
tx_0008166,2025-06-14 10:09:58,NVDA,201.83,657,buy,NASDAQ
tx_0000153,2025-06-14 10:10:04,PEP,152.58,444,buy,NYSE
tx_0008064,2025-06-14 10:10:04,KO,56.42,754,buy,NYSE
tx_0002702,2025-06-14 10:10:04,MA,349.64,537,sell,NYSE
tx_0008338,2025-06-14 10:10:04,PEP,151.49,986,sell,NYSE
tx_0002378,2025-06-14 10:10:04,DIS,181.32,694,buy,NYSE
tx_0003402,2025-06-14 10:10:04,PYPL,257.9,586,buy,NASDAQ
tx_0009272,2025-06-14 10:10:08,NVDA,202.22,618,sell,NASDAQ
tx_0009100,2025-06-14 10:10:14,MSFT,305.03,917,buy,NASDAQ
tx_0007485,2025-06-14 10:10:15,PG,139.18,322,sell,NYSE
tx_0009714,2025-06-14 10:10:16,WMT,143.49,959,sell,NYSE
tx_0006335,2025-06-14 10:10:21,WMT,141.8,462,sell,NYSE
tx_0008501,2025-06-14 10:10:23,MA,348.31,113,sell,NYSE
tx_0002810,2025-06-14 10:10:23,GOOGL,2832.99,648,buy,NASDAQ
tx_0007180,2025-06-14 10:10:23,BRK.B,274.97,731,buy,NYSE
tx_0008139,2025-06-14 10:10:26,WMT,142.18,382,buy,NYSE
tx_0007835,2025-06-14 10:10:27,DIS,181.48,653,sell,NYSE
tx_0006390,2025-06-14 10:10:27,PEP,151.02,337,buy,NYSE
tx_0009974,2025-06-14 10:10:28,AMZN,3463.86,482,buy,NASDAQ
tx_0006284,2025-06-14 10:10:30,NFLX,496.97,610,buy,NASDAQ
tx_0008784,2025-06-14 10:10:33,WMT,140.93,302,sell,NYSE
tx_0006023,2025-06-14 10:10:34,KO,55.98,822,buy,NYSE
tx_0008930,2025-06-14 10:10:40,AMZN,3485.56,194,sell,NASDAQ
tx_0000946,2025-06-14 10:10:44,NVDA,203.49,724,sell,NASDAQ
tx_0008444,2025-06-14 10:10:49,BRK.B,275.98,661,buy,NYSE
tx_0008016,2025-06-14 10:10:50,GOOGL,2819.36,674,sell,NASDAQ
tx_0002389,2025-06-14 10:10:52,MA,346.98,364,sell,NYSE
tx_0005933,2025-06-14 10:10:55,PEP,152.23,149,sell,NYSE
tx_0003521,2025-06-14 10:10:57,FB,328.14,644,buy,NASDAQ
tx_0009524,2025-06-14 10:10:59,PG,137.41,136,buy,NYSE
tx_0008325,2025-06-14 10:11:01,PG,138.82,733,sell,NYSE
tx_0001877,2025-06-14 10:11:05,ADBE,611.56,610,buy,NASDAQ
tx_0009550,2025-06-14 10:11:06,AAPL,148.76,742,sell,NASDAQ
tx_0008994,2025-06-14 10:11:11,PG,138.5,579,sell,NYSE
tx_0009676,2025-06-14 10:11:12,JNJ,169.16,236,buy,NYSE
tx_0003149,2025-06-14 10:11:13,AMZN,3437.63,367,buy,NASDAQ
tx_0006841,2025-06-14 10:11:22,MA,350.15,206,sell,NYSE
tx_0005177,2025-06-14 10:11:23,PG,138.34,716,buy,NYSE
tx_0006233,2025-06-14 10:11:25,GOOGL,2860.36,995,sell,NASDAQ
tx_0006191,2025-06-14 10:11:26,KO,56.34,339,sell,NYSE
tx_0007768,2025-06-14 10:11:31,TSLA,705.94,254,sell,NASDAQ
tx_0000766,2025-06-14 10:11:31,JNJ,171.59,566,sell,NYSE
tx_0009626,2025-06-14 10:11:33,MCD,249.8,949,buy,NYSE
tx_0009048,2025-06-14 10:11:34,MA,344.12,755,sell,NYSE
tx_0007425,2025-06-14 10:11:35,PG,139.46,925,sell,NYSE
tx_0002860,2025-06-14 10:11:36,V,217.92,712,buy,NYSE
tx_0009288,2025-06-14 10:11:37,MA,345.36,641,buy,NYSE
tx_0006496,2025-06-14 10:11:37,PYPL,255.07,560,sell,NASDAQ
tx_0005512,2025-06-14 10:11:37,NFLX,505.91,162,buy,NASDAQ
tx_0007154,2025-06-14 10:11:38,WMT,140.67,627,sell,NYSE
tx_0002551,2025-06-14 10:11:39,KO,,694,buy,NYSE
tx_0002572,2025-06-14 10:11:41,MCD,250.3,592,sell,NYSE
tx_0007403,2025-06-14 10:11:43,AAPL,150.43,766,buy,NASDAQ
tx_0003430,2025-06-14 10:11:44,MSFT,305.13,169,buy,NASDAQ
tx_0004552,2025-06-14 10:11:51,NFLX,499.65,428,sell,NASDAQ
tx_0006669,2025-06-14 10:11:51,PG,138.68,955,sell,NYSE
tx_0008901,2025-06-14 10:11:55,MCD,253.29,872,sell,NYSE
tx_0002210,2025-06-14 10:11:55,MCD,249.69,164,sell,NYSE
tx_0003805,2025-06-14 10:11:57,DIS,181.47,508,buy,NYSE
tx_0001722,2025-06-14 10:11:57,FB,329.2,684,sell,NASDAQ
tx_0007173,2025-06-14 10:11:57,BRK.B,278.07,539,sell,NYSE
tx_0000475,2025-06-14 10:11:58,DIS,182.71,259,buy,NYSE
tx_0003561,2025-06-14 10:12:02,PG,137.83,575,buy,NYSE
tx_0009208,2025-06-14 10:12:02,PYPL,254.64,362,sell,NASDAQ
tx_0003572,2025-06-14 10:12:04,KO,55.9,459,sell,NYSE
tx_0000773,2025-06-14 10:12:11,TSLA,709.57,908,sell,NASDAQ
tx_0003607,2025-06-14 10:12:12,NVDA,205.0,412,buy,NASDAQ
tx_0009186,2025-06-14 10:12:31,PEP,152.98,739,buy,NYSE
tx_0004700,2025-06-14 10:12:40,MA,344.49,648,buy,NYSE
tx_0003718,2025-06-14 10:12:41,GOOGL,2817.83,316,buy,NASDAQ
tx_0009190,2025-06-14 10:12:42,KO,56.69,307,sell,NYSE
tx_0008004,2025-06-14 10:12:44,AAPL,147.95,992,sell,NASDAQ
tx_0001262,2025-06-14 10:12:48,BRK.B,274.6,930,sell,NYSE
tx_0005506,2025-06-14 10:12:50,MCD,250.86,505,buy,NYSE
tx_0004720,2025-06-14 10:12:50,NVDA,205.93,537,buy,NASDAQ
tx_0001241,2025-06-14 10:12:51,ADBE,607.95,932,sell,NASDAQ
tx_0006749,2025-06-14 10:12:52,PEP,152.74,513,buy,NYSE
tx_0008349,2025-06-14 10:12:55,TSLA,703.1,109,sell,NASDAQ
tx_0001666,2025-06-14 10:12:58,MSFT,306.92,864,sell,NASDAQ
tx_0007793,2025-06-14 10:12:59,PYPL,256.8,291,buy,NASDAQ
tx_0001815,2025-06-14 10:13:01,MA,348.22,178,sell,NYSE
tx_0008200,2025-06-14 10:13:09,NFLX,507.85,520,buy,NASDAQ
tx_0008970,2025-06-14 10:13:12,PG,139.35,442,sell,NYSE
tx_0009958,2025-06-14 10:13:23,BRK.B,279.41,577,sell,NYSE
tx_0001253,2025-06-14 10:13:26,DIS,178.93,895,buy,NYSE
tx_0006422,2025-06-14 10:13:27,AMZN,3478.2,545,buy,NASDAQ
tx_0004553,2025-06-14 10:13:30,AMZN,3484.83,941,buy,NASDAQ
tx_0004640,2025-06-14 10:13:34,AMZN,3461.86,441,buy,NASDAQ
tx_0006091,2025-06-14 10:13:36,AMZN,3518.58,953,,NASDAQ
tx_0001349,2025-06-14 10:13:37,NFLX,500.7,442,sell,NASDAQ
tx_0001140,2025-06-14 10:13:39,MSFT,306.19,221,sell,NASDAQ
tx_0008460,2025-06-14 10:13:40,TSLA,712.48,779,sell,NASDAQ
tx_0006550,2025-06-14 10:13:41,ADBE,611.99,674,buy,NASDAQ
tx_0004592,2025-06-14 10:13:42,NVDA,206.59,459,buy,NASDAQ
tx_0008133,2025-06-14 10:13:43,NVDA,207.09,946,buy,NASDAQ
tx_0006766,2025-06-14 10:13:43,DIS,178.47,555,sell,NYSE
tx_0009706,2025-06-14 10:13:53,AAPL,147.6,282,buy,NASDAQ
tx_0009828,2025-06-14 10:13:54,DIS,179.95,414,buy,NYSE
tx_0002484,2025-06-14 10:13:54,FB,326.77,382,sell,NASDAQ
tx_0004808,2025-06-14 10:13:55,PEP,153.62,941,sell,NYSE
tx_0006838,2025-06-14 10:13:56,WMT,143.53,968,buy,NYSE
tx_0007887,2025-06-14 10:13:57,PG,138.56,744,sell,NYSE
tx_0002796,2025-06-14 10:14:01,GOOGL,2836.01,739,buy,NASDAQ
tx_0003902,2025-06-14 10:14:04,ADBE,604.01,971,buy,NASDAQ
tx_0002891,2025-06-14 10:14:05,BRK.B,278.76,527,sell,NYSE
tx_0006556,2025-06-14 10:14:05,PEP,152.33,345,sell,NYSE
tx_0001990,2025-06-14 10:14:05,BRK.B,277.04,370,buy,NYSE
tx_0009181,2025-06-14 10:14:08,PYPL,255.2,642,buy,NASDAQ
tx_0001684,2025-06-14 10:14:09,BRK.B,275.72,664,buy,NYSE
tx_0000782,2025-06-14 10:14:09,MCD,256.54,525,buy,NYSE
tx_0007289,2025-06-14 10:14:11,PEP,152.84,325,buy,NYSE
tx_0000968,2025-06-14 10:14:13,MSFT,306.87,793,sell,NASDAQ
tx_0004281,2025-06-14 10:14:16,MSFT,308.66,733,buy,NASDAQ
tx_0005471,2025-06-14 10:14:16,FB,322.99,793,sell,NASDAQ
tx_0009536,2025-06-14 10:14:17,PEP,151.47,840,sell,NYSE
tx_0009997,2025-06-14 10:14:22,V,216.31,671,sell,NYSE
tx_0007828,2025-06-14 10:14:25,FB,327.27,378,,NASDAQ
tx_0004289,2025-06-14 10:14:27,WMT,143.41,932,sell,NYSE
tx_0005364,2025-06-14 10:14:32,ADBE,604.68,585,sell,NASDAQ
tx_0002577,2025-06-14 10:14:32,NFLX,506.24,227,buy,NASDAQ
tx_0001286,2025-06-14 10:14:35,KO,56.23,614,buy,NYSE
tx_0004099,2025-06-14 10:14:38,MCD,255.96,193,sell,NYSE
tx_0005727,2025-06-14 10:14:42,PG,139.19,811,buy,NYSE
tx_0002448,2025-06-14 10:14:42,AAPL,149.17,195,buy,NASDAQ
tx_0007091,2025-06-14 10:14:49,BRK.B,276.43,669,buy,NYSE
tx_0002908,2025-06-14 10:14:52,MSFT,306.05,822,sell,NASDAQ
tx_0004840,2025-06-14 10:14:54,FB,326.92,785,sell,NASDAQ
tx_0008175,2025-06-14 10:14:55,PG,139.67,911,buy,NYSE
tx_0008445,2025-06-14 10:14:56,TSLA,702.05,780,buy,NASDAQ
tx_0003744,2025-06-14 10:14:58,FB,325.2,190,buy,NASDAQ
tx_0001931,2025-06-14 10:14:59,DIS,180.57,175,sell,NYSE
tx_0000954,2025-06-14 10:14:59,NVDA,204.1,820,sell,NASDAQ
tx_0004336,2025-06-14 10:14:59,JNJ,168.86,270,buy,NYSE
tx_0003128,2025-06-14 10:14:59,AMZN,3515.56,753,buy,NASDAQ
tx_0007729,2025-06-14 10:15:02,NVDA,206.18,348,sell,NASDAQ
tx_0005594,2025-06-14 10:15:03,NVDA,207.16,325,buy,NASDAQ
tx_0002031,2025-06-14 10:15:03,NVDA,206.01,894,sell,NASDAQ
tx_0004432,2025-06-14 10:15:06,MCD,252.8,941,buy,NYSE
tx_0004572,2025-06-14 10:15:07,AMZN,3517.22,302,sell,NASDAQ
tx_0001244,2025-06-14 10:15:12,BRK.B,278.7,511,sell,NYSE
tx_0000819,2025-06-14 10:15:15,NVDA,205.66,697,buy,NASDAQ
tx_0009034,2025-06-14 10:15:22,JNJ,171.78,726,sell,NYSE
tx_0008865,2025-06-14 10:15:24,V,214.69,423,sell,NYSE
tx_0005529,2025-06-14 10:15:24,PG,137.31,644,sell,NYSE
tx_0005570,2025-06-14 10:15:25,NFLX,505.66,241,buy,NASDAQ
tx_0001182,2025-06-14 10:15:28,PYPL,254.51,123,sell,NASDAQ
tx_0000126,2025-06-14 10:15:30,PEP,153.1,659,buy,NYSE
tx_0003789,2025-06-14 10:15:33,MSFT,305.76,197,sell,NASDAQ
tx_0006203,2025-06-14 10:15:33,KO,57.03,466,buy,NYSE
tx_0001462,2025-06-14 10:15:33,PYPL,255.05,935,sell,NASDAQ
tx_0008530,2025-06-14 10:15:34,AAPL,146.3,297,sell,NASDAQ
tx_0000278,2025-06-14 10:15:35,TSLA,707.3,150,buy,NASDAQ
tx_0008633,2025-06-14 10:15:35,WMT,142.84,992,buy,NYSE
tx_0001831,2025-06-14 10:15:36,TSLA,703.32,429,sell,NASDAQ
tx_0001020,2025-06-14 10:15:38,FB,323.9,448,buy,NASDAQ
tx_0005105,2025-06-14 10:15:38,BRK.B,277.49,260,buy,NYSE
tx_0009222,2025-06-14 10:15:39,TSLA,700.56,181,buy,NASDAQ
tx_0008989,2025-06-14 10:15:39,FB,325.65,682,buy,NASDAQ
tx_0008110,2025-06-14 10:15:40,MCD,256.02,571,buy,NYSE
tx_0004323,2025-06-14 10:15:41,WMT,141.77,858,sell,NYSE
tx_0007277,2025-06-14 10:15:41,AMZN,3513.57,661,buy,NASDAQ
tx_0003056,2025-06-14 10:15:43,WMT,141.84,574,sell,NYSE
tx_0001531,2025-06-14 10:15:44,FB,326.72,254,buy,NASDAQ
tx_0006434,2025-06-14 10:15:45,BRK.B,279.44,632,sell,NYSE
tx_0000887,2025-06-14 10:15:47,AAPL,146.26,810,buy,NASDAQ
tx_0009263,2025-06-14 10:15:47,JNJ,170.04,119,sell,
tx_0008544,2025-06-14 10:15:51,V,214.4,360,sell,NYSE
tx_0008313,2025-06-14 10:15:53,DIS,178.21,449,sell,NYSE
tx_0003110,2025-06-14 10:15:56,BRK.B,280.33,520,sell,NYSE
tx_0004708,2025-06-14 10:15:57,ADBE,611.93,149,buy,NASDAQ
tx_0006338,2025-06-14 10:15:58,MA,351.11,200,sell,NYSE
tx_0009575,2025-06-14 10:16:00,MCD,253.44,336,buy,
tx_0000389,2025-06-14 10:16:01,ADBE,610.45,456,buy,NASDAQ
tx_0006593,2025-06-14 10:16:08,AMZN,3513.37,326,buy,NASDAQ
tx_0009558,2025-06-14 10:16:09,FB,324.97,975,sell,NASDAQ
tx_0007975,2025-06-14 10:16:10,V,213.75,616,sell,NYSE
tx_0004817,2025-06-14 10:16:10,PEP,153.44,101,sell,NYSE
tx_0000137,2025-06-14 10:16:14,GOOGL,2826.37,304,sell,NASDAQ
tx_0009844,2025-06-14 10:16:16,V,214.46,443,sell,NYSE
tx_0000241,2025-06-14 10:16:16,PYPL,253.43,456,buy,NASDAQ
tx_0009837,2025-06-14 10:16:18,NVDA,205.3,251,buy,NASDAQ
tx_0007952,2025-06-14 10:16:18,AMZN,3546.9,556,buy,NASDAQ
tx_0004369,2025-06-14 10:16:29,DIS,179.86,809,sell,NYSE
tx_0002404,2025-06-14 10:16:31,ADBE,607.87,292,buy,NASDAQ
tx_0008272,2025-06-14 10:16:33,MA,350.09,868,,NYSE
tx_0005367,2025-06-14 10:16:35,BRK.B,276.94,541,buy,NYSE
tx_0009120,2025-06-14 10:16:35,MA,,163,sell,NYSE
tx_0000828,2025-06-14 10:16:36,MA,346.2,133,sell,NYSE
tx_0009444,2025-06-14 10:16:40,AAPL,146.99,233,sell,NASDAQ
tx_0008724,2025-06-14 10:16:42,FB,322.59,872,sell,NASDAQ
tx_0003435,2025-06-14 10:16:45,WMT,141.04,219,buy,NYSE
tx_0004246,2025-06-14 10:16:48,AAPL,148.74,816,sell,NASDAQ
tx_0005561,2025-06-14 10:16:48,MA,344.49,554,buy,NYSE
tx_0005164,2025-06-14 10:16:51,PYPL,257.86,927,sell,NASDAQ
tx_0001109,2025-06-14 10:16:52,MA,348.13,649,buy,NYSE
tx_0006057,2025-06-14 10:16:58,PEP,152.61,310,sell,NYSE
tx_0007800,2025-06-14 10:17:01,MCD,256.84,871,buy,NYSE
tx_0007715,2025-06-14 10:17:02,MA,348.99,895,buy,NYSE
tx_0001898,2025-06-14 10:17:03,MA,350.04,866,sell,NYSE
tx_0001840,2025-06-14 10:17:07,MSFT,305.09,306,sell,NASDAQ
tx_0002075,2025-06-14 10:17:08,MSFT,307.53,402,sell,NASDAQ
tx_0004309,2025-06-14 10:17:10,TSLA,702.79,395,buy,NASDAQ
tx_0005541,2025-06-14 10:17:22,FB,326.03,347,buy,NASDAQ
tx_0004998,2025-06-14 10:17:22,MCD,255.88,521,buy,NYSE
tx_0004425,2025-06-14 10:17:22,FB,328.59,688,buy,NASDAQ
tx_0003564,2025-06-14 10:17:23,MCD,252.64,235,sell,NYSE
tx_0002916,2025-06-14 10:17:25,WMT,140.38,328,sell,NYSE
tx_0006095,2025-06-14 10:17:28,KO,56.58,765,sell,NYSE
tx_0008232,2025-06-14 10:17:31,ADBE,610.38,857,buy,NASDAQ
tx_0007825,2025-06-14 10:17:34,BRK.B,278.77,418,buy,NYSE
tx_0003307,2025-06-14 10:17:35,AMZN,3496.02,790,sell,NASDAQ
tx_0004012,2025-06-14 10:17:40,NVDA,202.64,425,sell,NASDAQ
tx_0009990,2025-06-14 10:17:43,MSFT,305.92,903,sell,NASDAQ
tx_0008468,2025-06-14 10:17:43,PG,136.9,455,sell,NYSE
tx_0009900,2025-06-14 10:17:46,ADBE,608.29,761,sell,NASDAQ
tx_0008343,2025-06-14 10:17:49,DIS,181.0,125,sell,NYSE
tx_0009747,2025-06-14 10:17:51,PG,136.23,224,buy,NYSE
tx_0005476,2025-06-14 10:17:55,NVDA,203.58,555,buy,NASDAQ
tx_0008413,2025-06-14 10:17:56,PEP,151.81,772,buy,NYSE
tx_0005614,2025-06-14 10:17:56,V,217.83,552,buy,NYSE
tx_0002241,2025-06-14 10:17:56,PYPL,254.14,928,buy,NASDAQ
tx_0009407,2025-06-14 10:17:57,MSFT,305.19,161,buy,NASDAQ
tx_0003469,2025-06-14 10:17:58,NFLX,501.69,856,buy,NASDAQ
tx_0000441,2025-06-14 10:18:00,GOOGL,2847.41,160,sell,NASDAQ
tx_0002611,2025-06-14 10:18:06,ADBE,614.97,781,sell,NASDAQ
tx_0003860,2025-06-14 10:18:07,V,217.54,760,sell,NYSE
tx_0005734,2025-06-14 10:18:07,AAPL,146.13,637,buy,NASDAQ
tx_0005621,2025-06-14 10:18:10,AMZN,3526.47,421,sell,NASDAQ
tx_0001979,2025-06-14 10:18:12,PEP,153.03,680,buy,NYSE
tx_0003114,2025-06-14 10:18:12,PG,135.8,678,sell,NYSE
tx_0003482,2025-06-14 10:18:13,NVDA,204.09,114,sell,NASDAQ
tx_0004109,2025-06-14 10:18:15,NFLX,504.59,393,buy,NASDAQ
tx_0004863,2025-06-14 10:18:16,MA,347.77,762,buy,NYSE
tx_0009905,2025-06-14 10:18:17,PG,136.14,696,sell,NYSE
tx_0006005,2025-06-14 10:18:18,FB,327.16,305,buy,NASDAQ
tx_0008847,2025-06-14 10:18:19,V,215.65,574,sell,NYSE
tx_0004687,2025-06-14 10:18:26,MCD,256.5,192,sell,NYSE
tx_0007097,2025-06-14 10:18:27,PYPL,254.42,657,buy,NASDAQ
tx_0000725,2025-06-14 10:18:29,MCD,252.98,999,buy,NYSE
tx_0002499,2025-06-14 10:18:38,NVDA,204.99,804,sell,NASDAQ
tx_0005794,2025-06-14 10:18:38,TSLA,706.97,906,sell,NASDAQ
tx_0003693,2025-06-14 10:18:42,MSFT,304.11,125,buy,NASDAQ
tx_0007469,2025-06-14 10:18:49,GOOGL,2853.37,284,sell,NASDAQ
tx_0000624,2025-06-14 10:18:54,MSFT,307.99,435,sell,NASDAQ
tx_0006920,2025-06-14 10:18:54,WMT,141.82,372,buy,NYSE
tx_0004904,2025-06-14 10:18:55,ADBE,611.31,128,buy,NASDAQ
tx_0007733,2025-06-14 10:18:55,WMT,140.77,421,sell,NYSE
tx_0001584,2025-06-14 10:19:09,AAPL,148.13,381,sell,NASDAQ
tx_0006132,2025-06-14 10:19:16,V,216.51,299,sell,NYSE
tx_0007297,2025-06-14 10:19:18,JNJ,170.13,335,sell,NYSE
tx_0006421,2025-06-14 10:19:21,ADBE,612.51,764,sell,NASDAQ
tx_0006687,2025-06-14 10:19:23,NFLX,505.22,169,sell,NASDAQ
tx_0005931,2025-06-14 10:19:29,BRK.B,278.84,852,sell,NYSE
tx_0002617,2025-06-14 10:19:32,NFLX,500.96,123,buy,NASDAQ
tx_0008808,2025-06-14 10:19:32,AAPL,146.21,366,sell,NASDAQ
tx_0004660,2025-06-14 10:19:35,AMZN,3477.58,711,sell,NASDAQ
tx_0003106,2025-06-14 10:19:35,PYPL,255.43,581,sell,NASDAQ
tx_0008541,2025-06-14 10:19:36,AAPL,147.89,929,sell,NASDAQ
tx_0004413,2025-06-14 10:19:37,FB,324.08,395,buy,NASDAQ
tx_0000527,2025-06-14 10:19:37,AMZN,3471.69,751,sell,NASDAQ
tx_0008298,2025-06-14 10:19:41,AAPL,146.72,240,buy,NASDAQ
tx_0004889,2025-06-14 10:19:41,MCD,252.44,775,sell,NYSE
tx_0007255,2025-06-14 10:19:42,DIS,179.92,984,buy,NYSE
tx_0003733,2025-06-14 10:19:47,MSFT,302.02,647,buy,NASDAQ
tx_0009168,2025-06-14 10:19:49,BRK.B,276.77,162,buy,NYSE
tx_0005811,2025-06-14 10:20:01,WMT,142.93,650,sell,NYSE
tx_0006816,2025-06-14 10:20:02,GOOGL,2835.12,665,sell,NASDAQ
tx_0009281,2025-06-14 10:20:10,PYPL,258.16,307,sell,NASDAQ
tx_0004024,2025-06-14 10:20:16,MA,345.58,442,sell,NYSE
tx_0002391,2025-06-14 10:20:20,PEP,152.73,679,buy,NYSE
tx_0006495,2025-06-14 10:20:23,MA,350.57,287,sell,NYSE
tx_0008384,2025-06-14 10:20:28,PEP,155.04,562,buy,NYSE
tx_0006343,2025-06-14 10:20:31,AMZN,3435.88,139,buy,NASDAQ
tx_0001331,2025-06-14 10:20:32,BRK.B,281.84,664,buy,NYSE
tx_0004440,2025-06-14 10:20:32,PG,135.68,600,sell,NYSE
tx_0005426,2025-06-14 10:20:34,JNJ,172.38,929,buy,NYSE
tx_0006576,2025-06-14 10:20:41,WMT,142.66,678,sell,NYSE
tx_0005170,2025-06-14 10:20:43,NFLX,501.2,446,sell,NASDAQ
tx_0007192,2025-06-14 10:20:44,MSFT,306.25,808,sell,NASDAQ
tx_0006437,2025-06-14 10:20:46,NVDA,203.73,288,buy,NASDAQ
tx_0009717,2025-06-14 10:20:46,PYPL,258.78,396,sell,NASDAQ
tx_0007621,2025-06-14 10:20:53,V,217.76,144,sell,NYSE
tx_0009930,2025-06-14 10:20:57,AAPL,146.7,332,buy,NASDAQ
tx_0006668,2025-06-14 10:20:58,DIS,179.37,882,sell,NYSE
tx_0006123,2025-06-14 10:21:00,PEP,152.22,553,buy,NYSE
tx_0007747,2025-06-14 10:21:00,NFLX,505.28,148,buy,NASDAQ
tx_0003311,2025-06-14 10:21:02,PEP,151.69,756,sell,NYSE
tx_0006769,2025-06-14 10:21:03,DIS,179.87,843,buy,NYSE
tx_0009129,2025-06-14 10:21:03,AAPL,147.65,924,sell,NASDAQ
tx_0000079,2025-06-14 10:21:04,AMZN,3440.34,321,buy,NASDAQ
tx_0000973,2025-06-14 10:21:06,ADBE,614.42,515,buy,NASDAQ
tx_0003793,2025-06-14 10:21:07,DIS,178.28,512,sell,NYSE
tx_0008283,2025-06-14 10:21:08,JNJ,169.97,810,sell,NYSE
tx_0009917,2025-06-14 10:21:10,WMT,141.53,395,buy,NYSE
tx_0009251,2025-06-14 10:21:11,WMT,139.99,219,buy,NYSE
tx_0007595,2025-06-14 10:21:12,PG,137.34,909,buy,NYSE
tx_0004061,2025-06-14 10:21:13,FB,319.55,857,buy,NASDAQ
tx_0007004,2025-06-14 10:21:13,AMZN,3442.42,304,buy,NASDAQ
tx_0001231,2025-06-14 10:21:13,PYPL,256.17,954,sell,NASDAQ
tx_0007779,2025-06-14 10:21:16,AMZN,3478.06,367,buy,NASDAQ
tx_0005897,2025-06-14 10:21:16,TSLA,708.55,226,sell,NASDAQ
tx_0009595,2025-06-14 10:21:19,MSFT,302.72,799,sell,NASDAQ
tx_0002145,2025-06-14 10:21:22,AAPL,146.54,943,sell,NASDAQ
tx_0007135,2025-06-14 10:21:22,MCD,251.37,549,buy,NYSE
tx_0005575,2025-06-14 10:21:22,TSLA,698.38,671,buy,NASDAQ
tx_0000412,2025-06-14 10:21:22,NVDA,203.87,795,buy,NASDAQ
tx_0004648,2025-06-14 10:21:24,MCD,251.73,680,buy,NYSE
tx_0000692,2025-06-14 10:21:26,GOOGL,2842.52,684,buy,NASDAQ
tx_0008186,2025-06-14 10:21:32,WMT,142.05,824,buy,NYSE
tx_0001252,2025-06-14 10:21:33,PYPL,255.83,170,buy,NASDAQ
tx_0007890,2025-06-14 10:21:33,WMT,140.37,836,sell,NYSE
tx_0008456,2025-06-14 10:21:34,BRK.B,283.13,461,sell,NYSE
tx_0009760,2025-06-14 10:21:35,DIS,178.23,375,buy,
tx_0009834,2025-06-14 10:21:36,MA,350.42,837,buy,NYSE
tx_0009056,2025-06-14 10:21:37,FB,321.45,246,buy,NASDAQ
tx_0001406,2025-06-14 10:21:39,JNJ,172.65,686,sell,NYSE
tx_0000072,2025-06-14 10:21:42,WMT,141.01,826,sell,NYSE
tx_0000983,2025-06-14 10:21:43,V,214.62,232,sell,NYSE
tx_0007552,2025-06-14 10:21:48,MA,346.26,439,buy,NYSE
tx_0003374,2025-06-14 10:21:49,WMT,140.52,805,sell,NYSE
tx_0005724,2025-06-14 10:21:49,MCD,250.08,550,sell,NYSE
tx_0002518,2025-06-14 10:21:53,PYPL,254.68,486,buy,NASDAQ
tx_0001500,2025-06-14 10:21:55,FB,324.13,324,buy,NASDAQ
tx_0007830,2025-06-14 10:21:55,PG,135.01,880,sell,NYSE
tx_0000181,2025-06-14 10:22:00,DIS,180.87,434,sell,NYSE
tx_0007927,2025-06-14 10:22:00,MSFT,304.68,486,sell,NASDAQ
tx_0001624,2025-06-14 10:22:03,NVDA,205.46,402,buy,NASDAQ
tx_0001473,2025-06-14 10:22:03,V,214.16,962,buy,NYSE
tx_0001863,2025-06-14 10:22:06,AMZN,3460.06,249,buy,NASDAQ
tx_0001322,2025-06-14 10:22:07,PG,134.78,908,sell,NYSE
tx_0001370,2025-06-14 10:22:08,PYPL,255.07,332,buy,NASDAQ
tx_0009578,2025-06-14 10:22:08,FB,319.06,349,buy,NASDAQ
tx_0002754,2025-06-14 10:22:09,JNJ,169.64,498,sell,NYSE
tx_0000864,2025-06-14 10:22:10,KO,56.3,477,buy,NYSE
tx_0005790,2025-06-14 10:22:10,ADBE,618.97,610,buy,NASDAQ
tx_0009147,2025-06-14 10:22:12,GOOGL,2851.0,449,buy,NASDAQ
tx_0003882,2025-06-14 10:22:17,V,215.42,953,buy,NYSE
tx_0008482,2025-06-14 10:22:19,ADBE,615.3,210,buy,NASDAQ
tx_0004635,2025-06-14 10:22:20,NFLX,506.78,640,sell,NASDAQ
tx_0008089,2025-06-14 10:22:20,PEP,154.15,714,buy,NYSE
tx_0005619,2025-06-14 10:22:22,NFLX,509.11,546,sell,NASDAQ
tx_0004821,2025-06-14 10:22:24,AMZN,3442.23,858,sell,NASDAQ
tx_0005479,2025-06-14 10:22:28,FB,321.6,620,buy,NASDAQ
tx_0000041,2025-06-14 10:22:29,ADBE,618.96,862,sell,NASDAQ
tx_0006692,2025-06-14 10:22:31,AAPL,146.01,223,buy,NASDAQ
tx_0002688,2025-06-14 10:22:31,MSFT,304.6,201,buy,NASDAQ
tx_0003804,2025-06-14 10:22:34,TSLA,708.28,551,buy,NASDAQ
tx_0009882,2025-06-14 10:22:34,MCD,251.92,375,buy,NYSE
tx_0005263,2025-06-14 10:22:42,PG,135.78,147,buy,NYSE
tx_0000427,2025-06-14 10:22:47,MCD,248.81,378,buy,NYSE
tx_0007505,2025-06-14 10:22:48,BRK.B,279.07,302,buy,NYSE
tx_0003124,2025-06-14 10:22:49,NFLX,507.89,584,sell,NASDAQ
tx_0007011,2025-06-14 10:22:51,MSFT,306.03,691,buy,NASDAQ
tx_0002220,2025-06-14 10:22:52,KO,56.22,940,sell,
tx_0004451,2025-06-14 10:22:52,MA,349.19,724,buy,NYSE
tx_0008645,2025-06-14 10:22:53,MA,345.58,589,buy,NYSE
tx_0007338,2025-06-14 10:22:56,MSFT,307.61,887,sell,NASDAQ
tx_0003927,2025-06-14 10:22:56,MCD,249.5,368,buy,NYSE
tx_0009960,2025-06-14 10:22:58,JNJ,171.2,809,buy,NYSE
tx_0000044,2025-06-14 10:23:01,PYPL,255.72,690,buy,NASDAQ
tx_0008105,2025-06-14 10:23:02,FB,317.45,756,sell,NASDAQ
tx_0001748,2025-06-14 10:23:03,PYPL,253.61,379,buy,NASDAQ
tx_0006137,2025-06-14 10:23:05,AMZN,3484.93,844,buy,
tx_0000891,2025-06-14 10:23:05,ADBE,621.46,904,buy,NASDAQ
tx_0003425,2025-06-14 10:23:06,GOOGL,2798.08,106,sell,NASDAQ
tx_0003009,2025-06-14 10:23:07,AAPL,146.65,792,buy,NASDAQ
tx_0006239,2025-06-14 10:23:08,WMT,142.98,665,buy,NYSE
tx_0004586,2025-06-14 10:23:09,GOOGL,2847.79,351,buy,NASDAQ
tx_0001588,2025-06-14 10:23:11,MSFT,,844,buy,NASDAQ
tx_0003015,2025-06-14 10:23:12,JNJ,171.35,932,sell,NYSE
tx_0000869,2025-06-14 10:23:13,BRK.B,278.11,771,buy,NYSE
tx_0003645,2025-06-14 10:23:15,AMZN,3465.04,998,buy,NASDAQ
tx_0004237,2025-06-14 10:23:17,NVDA,205.84,846,sell,NASDAQ
tx_0004285,2025-06-14 10:23:17,KO,56.31,523,sell,NYSE
tx_0005015,2025-06-14 10:23:18,NFLX,505.07,742,sell,NASDAQ
tx_0007224,2025-06-14 10:23:18,TSLA,701.38,791,sell,NASDAQ
tx_0009910,2025-06-14 10:23:20,FB,319.24,182,buy,NASDAQ
tx_0001131,2025-06-14 10:23:22,AAPL,146.28,402,buy,NASDAQ
tx_0006736,2025-06-14 10:23:26,V,217.56,329,buy,NYSE
tx_0005741,2025-06-14 10:23:28,AMZN,3454.28,558,buy,
tx_0001856,2025-06-14 10:23:28,MA,349.12,962,buy,NYSE
tx_0007588,2025-06-14 10:23:34,ADBE,614.47,218,buy,NASDAQ
tx_0008577,2025-06-14 10:23:37,PYPL,256.18,223,sell,NASDAQ
tx_0003210,2025-06-14 10:23:37,KO,56.49,846,sell,NYSE
tx_0002619,2025-06-14 10:23:38,PYPL,255.91,276,buy,NASDAQ
tx_0005845,2025-06-14 10:23:39,WMT,140.69,395,buy,NYSE
tx_0008600,2025-06-14 10:23:42,GOOGL,2797.07,319,buy,NASDAQ
tx_0003869,2025-06-14 10:23:43,MA,346.01,703,buy,NYSE
tx_0005873,2025-06-14 10:23:44,MA,345.01,403,buy,NYSE
tx_0003827,2025-06-14 10:23:48,NVDA,203.54,252,sell,NASDAQ
tx_0004717,2025-06-14 10:23:50,PG,134.71,490,sell,NYSE
tx_0007896,2025-06-14 10:23:50,JNJ,171.75,857,buy,NYSE
tx_0001926,2025-06-14 10:23:50,ADBE,623.2,573,sell,NASDAQ
tx_0009605,2025-06-14 10:23:52,MA,345.0,283,sell,NYSE
tx_0008863,2025-06-14 10:23:58,AMZN,3468.71,815,sell,NASDAQ
tx_0004347,2025-06-14 10:24:07,PEP,152.94,218,buy,NYSE
tx_0009135,2025-06-14 10:24:08,BRK.B,282.58,120,,NYSE
tx_0005166,2025-06-14 10:24:09,PEP,154.17,483,sell,NYSE
tx_0002855,2025-06-14 10:24:10,WMT,142.64,443,buy,NYSE
tx_0000029,2025-06-14 10:24:12,JNJ,172.84,346,buy,NYSE
tx_0007139,2025-06-14 10:24:14,WMT,141.44,546,sell,NYSE
tx_0004438,2025-06-14 10:24:14,NFLX,506.7,604,sell,NASDAQ
tx_0007416,2025-06-14 10:24:16,PEP,154.33,410,sell,NYSE
tx_0002662,2025-06-14 10:24:16,FB,319.05,660,buy,NASDAQ
tx_0000094,2025-06-14 10:24:17,PEP,152.3,509,sell,NYSE
tx_0009393,2025-06-14 10:24:19,NVDA,205.06,999,buy,NASDAQ
tx_0001021,2025-06-14 10:24:19,PG,134.39,918,sell,NYSE
tx_0001683,2025-06-14 10:24:20,FB,318.04,916,sell,NASDAQ
tx_0002158,2025-06-14 10:24:21,AAPL,148.2,129,buy,
tx_0006653,2025-06-14 10:24:22,KO,55.76,164,buy,NYSE
tx_0009646,2025-06-14 10:24:23,ADBE,615.36,339,sell,NASDAQ
tx_0004428,2025-06-14 10:24:25,MCD,247.67,557,buy,NYSE
tx_0002786,2025-06-14 10:24:27,PEP,151.95,522,buy,NYSE
tx_0003524,2025-06-14 10:24:27,MA,347.69,414,buy,NYSE
tx_0001786,2025-06-14 10:24:29,ADBE,623.78,124,buy,NASDAQ
tx_0000005,2025-06-14 10:24:34,GOOGL,2828.3,749,sell,NASDAQ
tx_0007883,2025-06-14 10:24:35,AAPL,146.52,877,buy,NASDAQ
tx_0002921,2025-06-14 10:24:36,PG,136.14,913,sell,NYSE
tx_0005767,2025-06-14 10:24:37,AMZN,3460.23,423,buy,NASDAQ
tx_0004392,2025-06-14 10:24:42,KO,56.55,921,sell,NYSE
tx_0008335,2025-06-14 10:24:43,KO,56.11,565,buy,NYSE
tx_0001764,2025-06-14 10:24:43,PEP,153.2,303,sell,NYSE
tx_0000602,2025-06-14 10:24:44,FB,321.59,765,sell,NASDAQ
tx_0008210,2025-06-14 10:24:45,JNJ,171.45,494,sell,NYSE
tx_0004489,2025-06-14 10:24:45,WMT,143.63,784,buy,NYSE
tx_0000519,2025-06-14 10:24:47,GOOGL,2786.02,762,sell,NASDAQ
tx_0002774,2025-06-14 10:24:48,TSLA,695.76,859,buy,NASDAQ
tx_0008494,2025-06-14 10:24:48,NFLX,511.04,606,sell,NASDAQ
tx_0003640,2025-06-14 10:24:50,FB,323.87,695,sell,NASDAQ
tx_0008807,2025-06-14 10:24:50,ADBE,622.07,720,buy,NASDAQ
tx_0003585,2025-06-14 10:24:55,NFLX,505.73,853,buy,NASDAQ
tx_0006455,2025-06-14 10:24:59,DIS,180.69,161,buy,NYSE
tx_0008490,2025-06-14 10:25:01,ADBE,620.19,465,buy,NASDAQ
tx_0006116,2025-06-14 10:25:03,NFLX,509.01,741,sell,NASDAQ
tx_0007846,2025-06-14 10:25:07,MA,344.97,174,buy,NYSE
tx_0004274,2025-06-14 10:25:07,PYPL,256.13,148,buy,NASDAQ
tx_0008321,2025-06-14 10:25:08,DIS,179.77,557,buy,NYSE
tx_0002582,2025-06-14 10:25:08,PYPL,257.33,114,buy,NASDAQ
tx_0003878,2025-06-14 10:25:17,MSFT,308.52,605,buy,NASDAQ
tx_0003527,2025-06-14 10:25:22,WMT,142.97,883,sell,NYSE
tx_0003042,2025-06-14 10:25:25,PEP,153.66,265,buy,NYSE
tx_0003919,2025-06-14 10:25:26,FB,322.15,949,buy,NASDAQ
tx_0000054,2025-06-14 10:25:27,GOOGL,2819.9,258,buy,NASDAQ
tx_0006824,2025-06-14 10:25:40,MSFT,303.8,782,buy,
tx_0005498,2025-06-14 10:25:41,NVDA,201.61,292,sell,NASDAQ
tx_0009472,2025-06-14 10:25:46,PYPL,257.86,780,buy,NASDAQ
tx_0000947,2025-06-14 10:25:47,AAPL,146.12,894,buy,NASDAQ
tx_0001604,2025-06-14 10:26:01,MCD,251.64,497,sell,NYSE
tx_0002689,2025-06-14 10:26:02,PYPL,256.24,975,buy,NASDAQ
tx_0007494,2025-06-14 10:26:03,JNJ,170.28,151,sell,NYSE
tx_0007400,2025-06-14 10:26:03,MCD,250.7,711,sell,NYSE
tx_0003223,2025-06-14 10:26:04,MCD,252.65,593,buy,NYSE
tx_0009103,2025-06-14 10:26:05,MA,345.21,771,buy,NYSE
tx_0005351,2025-06-14 10:26:08,NVDA,203.91,291,sell,NASDAQ
tx_0002151,2025-06-14 10:26:10,GOOGL,2799.59,753,sell,NASDAQ
tx_0008932,2025-06-14 10:26:10,MCD,250.93,946,buy,NYSE
tx_0003390,2025-06-14 10:26:11,FB,317.98,798,sell,NASDAQ
tx_0002838,2025-06-14 10:26:14,WMT,142.23,348,sell,NYSE
tx_0002314,2025-06-14 10:26:16,DIS,178.9,377,buy,NYSE
tx_0003589,2025-06-14 10:26:16,MA,349.02,785,sell,NYSE
tx_0003592,2025-06-14 10:26:17,ADBE,619.29,487,sell,NASDAQ
tx_0003032,2025-06-14 10:26:18,DIS,181.51,721,buy,
tx_0006900,2025-06-14 10:26:19,KO,55.82,356,buy,NYSE
tx_0001927,2025-06-14 10:26:23,FB,322.29,530,buy,NASDAQ
tx_0008433,2025-06-14 10:26:25,ADBE,616.48,837,sell,NASDAQ
tx_0006161,2025-06-14 10:26:25,AMZN,3452.85,351,buy,NASDAQ
tx_0002975,2025-06-14 10:26:32,V,216.37,300,sell,NYSE
tx_0006623,2025-06-14 10:26:43,AAPL,146.79,129,buy,NASDAQ
tx_0007317,2025-06-14 10:26:43,NVDA,201.28,802,,NASDAQ
tx_0003825,2025-06-14 10:26:46,JNJ,172.02,136,buy,NYSE
tx_0008125,2025-06-14 10:26:46,MA,345.98,376,sell,NYSE
tx_0005026,2025-06-14 10:26:50,JNJ,170.34,480,sell,NYSE
tx_0000369,2025-06-14 10:26:54,BRK.B,280.94,675,buy,NYSE
tx_0008192,2025-06-14 10:26:54,PEP,152.94,686,sell,NYSE
tx_0008161,2025-06-14 10:27:03,ADBE,615.93,501,sell,NASDAQ
tx_0000645,2025-06-14 10:27:08,BRK.B,281.2,337,buy,NYSE
tx_0005726,2025-06-14 10:27:11,AMZN,3479.45,966,sell,NASDAQ
tx_0005842,2025-06-14 10:27:15,WMT,143.23,566,buy,NYSE
tx_0005033,2025-06-14 10:27:16,PEP,152.12,613,buy,NYSE
tx_0002727,2025-06-14 10:27:16,WMT,143.71,510,buy,NYSE
tx_0006991,2025-06-14 10:27:20,PYPL,255.15,397,sell,NASDAQ
tx_0009726,2025-06-14 10:27:26,JNJ,171.11,370,sell,NYSE
tx_0005990,2025-06-14 10:27:28,V,215.33,885,sell,NYSE
tx_0002144,2025-06-14 10:27:35,BRK.B,281.85,429,buy,NYSE
tx_0006029,2025-06-14 10:27:36,TSLA,705.95,554,sell,NASDAQ
tx_0008401,2025-06-14 10:27:38,ADBE,618.93,555,sell,NASDAQ
tx_0003429,2025-06-14 10:27:40,AAPL,147.26,299,buy,NASDAQ
tx_0007791,2025-06-14 10:27:40,DIS,179.0,657,buy,NYSE
tx_0000851,2025-06-14 10:27:47,MA,349.76,889,sell,NYSE
tx_0007658,2025-06-14 10:27:48,DIS,178.74,348,buy,NYSE
tx_0009161,2025-06-14 10:27:51,KO,56.22,588,sell,NYSE
tx_0009065,2025-06-14 10:27:54,AAPL,149.44,116,buy,NASDAQ
tx_0000794,2025-06-14 10:27:55,PG,135.16,566,buy,NYSE
tx_0005221,2025-06-14 10:27:56,V,215.79,996,sell,NYSE
tx_0009257,2025-06-14 10:27:56,MSFT,304.09,900,buy,NASDAQ
tx_0005673,2025-06-14 10:28:07,TSLA,705.48,855,sell,NASDAQ
tx_0001966,2025-06-14 10:28:11,AMZN,3467.46,410,sell,NASDAQ
tx_0008066,2025-06-14 10:28:15,NFLX,503.48,689,sell,NASDAQ
tx_0007046,2025-06-14 10:28:24,V,215.46,296,sell,NYSE
tx_0000119,2025-06-14 10:28:26,V,214.46,428,sell,NYSE
tx_0006063,2025-06-14 10:28:29,ADBE,613.15,925,sell,NASDAQ
tx_0002841,2025-06-14 10:28:30,MA,349.53,713,sell,NYSE
tx_0000656,2025-06-14 10:28:34,KO,56.55,315,sell,NYSE
tx_0003490,2025-06-14 10:28:41,JNJ,173.5,341,buy,NYSE
tx_0007449,2025-06-14 10:28:41,FB,323.91,226,buy,NASDAQ
tx_0001193,2025-06-14 10:28:42,MSFT,309.44,619,buy,NASDAQ
tx_0002185,2025-06-14 10:28:44,MA,347.81,324,sell,NYSE
tx_0001090,2025-06-14 10:28:44,NFLX,505.48,643,buy,NASDAQ
tx_0004672,2025-06-14 10:28:50,BRK.B,279.02,122,sell,NYSE
tx_0000932,2025-06-14 10:28:54,MCD,251.77,164,sell,NYSE
tx_0000049,2025-06-14 10:29:04,GOOGL,2807.74,243,sell,NASDAQ
tx_0001245,2025-06-14 10:29:04,MA,348.48,481,sell,NYSE
tx_0006392,2025-06-14 10:29:08,TSLA,699.76,881,buy,NASDAQ
tx_0008551,2025-06-14 10:29:11,WMT,142.6,197,buy,NYSE
tx_0005333,2025-06-14 10:29:12,ADBE,614.04,908,sell,NASDAQ
tx_0000547,2025-06-14 10:29:13,WMT,142.49,230,sell,NYSE
tx_0008922,2025-06-14 10:29:15,BRK.B,281.85,523,buy,NYSE
tx_0008813,2025-06-14 10:29:18,ADBE,615.9,743,buy,NASDAQ
tx_0007529,2025-06-14 10:29:18,AMZN,3426.17,316,sell,NASDAQ
tx_0007523,2025-06-14 10:29:18,KO,56.2,507,buy,NYSE
tx_0008667,2025-06-14 10:29:19,NVDA,202.36,673,sell,NASDAQ
tx_0003792,2025-06-14 10:29:21,ADBE,611.75,491,buy,NASDAQ
tx_0008059,2025-06-14 10:29:23,V,214.78,797,buy,NYSE
tx_0004696,2025-06-14 10:29:24,AAPL,149.31,251,sell,NASDAQ
tx_0008214,2025-06-14 10:29:25,AAPL,148.83,471,buy,NASDAQ
tx_0009700,2025-06-14 10:29:25,NVDA,204.28,763,buy,
tx_0005236,2025-06-14 10:29:25,TSLA,705.92,489,sell,NASDAQ
tx_0003959,2025-06-14 10:29:27,PEP,151.14,111,sell,NYSE
tx_0005232,2025-06-14 10:29:28,TSLA,700.73,219,sell,NASDAQ
tx_0008290,2025-06-14 10:29:29,NFLX,505.54,785,buy,NASDAQ
tx_0008548,2025-06-14 10:29:29,JNJ,171.77,524,sell,NYSE
tx_0004616,2025-06-14 10:29:29,AMZN,3435.62,238,sell,NASDAQ
tx_0006375,2025-06-14 10:29:31,KO,56.68,593,buy,NYSE
tx_0009405,2025-06-14 10:29:42,NFLX,503.32,574,buy,NASDAQ
tx_0003863,2025-06-14 10:29:46,BRK.B,279.43,842,sell,NYSE
tx_0005886,2025-06-14 10:29:48,BRK.B,282.73,542,sell,NYSE
tx_0007686,2025-06-14 10:29:48,FB,319.93,285,buy,NASDAQ
tx_0000594,2025-06-14 10:29:49,AAPL,148.16,924,sell,NASDAQ
tx_0004244,2025-06-14 10:29:50,GOOGL,2825.03,293,sell,NASDAQ
tx_0007988,2025-06-14 10:29:51,BRK.B,281.46,779,sell,NYSE
tx_0007113,2025-06-14 10:29:52,JNJ,171.54,758,sell,NYSE
tx_0008347,2025-06-14 10:30:02,V,217.41,741,buy,NYSE
tx_0007359,2025-06-14 10:30:04,AMZN,3458.15,658,sell,NASDAQ
tx_0007869,2025-06-14 10:30:07,FB,321.24,210,sell,NASDAQ
tx_0002445,2025-06-14 10:30:11,NFLX,507.61,873,sell,NASDAQ
tx_0008750,2025-06-14 10:30:13,MSFT,307.06,748,sell,NASDAQ
tx_0005751,2025-06-14 10:30:13,PG,134.97,787,buy,NYSE
tx_0003134,2025-06-14 10:30:18,MCD,251.25,157,buy,NYSE
tx_0002409,2025-06-14 10:30:21,MCD,252.21,358,sell,NYSE
tx_0008333,2025-06-14 10:30:22,MCD,255.89,978,sell,NYSE
tx_0000167,2025-06-14 10:30:24,BRK.B,281.27,511,buy,NYSE
tx_0006942,2025-06-14 10:30:25,JNJ,173.28,984,buy,NYSE
tx_0006764,2025-06-14 10:30:28,PYPL,257.91,595,buy,NASDAQ
tx_0009819,2025-06-14 10:30:35,TSLA,698.26,480,buy,NASDAQ
tx_0009242,2025-06-14 10:30:40,FB,323.36,978,buy,NASDAQ
tx_0004312,2025-06-14 10:30:49,PEP,154.57,398,sell,NYSE
tx_0002010,2025-06-14 10:30:56,PG,133.73,877,sell,NYSE
tx_0004374,2025-06-14 10:30:58,PEP,153.3,729,buy,NYSE
tx_0008731,2025-06-14 10:31:01,PEP,154.28,310,sell,NYSE
tx_0006699,2025-06-14 10:31:04,MCD,255.43,617,sell,NYSE
tx_0003661,2025-06-14 10:31:11,V,215.03,484,sell,NYSE
tx_0004539,2025-06-14 10:31:20,BRK.B,281.05,382,sell,NYSE
tx_0002512,2025-06-14 10:31:22,PG,133.7,610,sell,NYSE
tx_0005366,2025-06-14 10:31:23,AAPL,147.65,333,sell,NASDAQ
tx_0000836,2025-06-14 10:31:24,AAPL,147.37,361,sell,NASDAQ
tx_0004474,2025-06-14 10:31:24,PG,134.39,830,sell,NYSE
tx_0008008,2025-06-14 10:31:26,JNJ,172.27,574,buy,NYSE
tx_0000977,2025-06-14 10:31:34,BRK.B,280.56,309,sell,NYSE
tx_0006183,2025-06-14 10:31:37,MCD,250.4,510,buy,NYSE
tx_0000529,2025-06-14 10:31:37,AMZN,3422.62,126,sell,NASDAQ
tx_0000045,2025-06-14 10:31:40,WMT,142.84,798,buy,NYSE
tx_0002123,2025-06-14 10:31:44,ADBE,614.95,610,sell,NASDAQ
tx_0000799,2025-06-14 10:31:45,TSLA,700.43,938,sell,NASDAQ
tx_0000621,2025-06-14 10:31:45,GOOGL,2826.9,450,buy,NASDAQ
tx_0007893,2025-06-14 10:31:46,FB,324.57,607,sell,NASDAQ
tx_0005591,2025-06-14 10:31:47,NFLX,501.29,829,sell,NASDAQ
tx_0005390,2025-06-14 10:31:50,DIS,180.34,235,sell,NYSE
tx_0006097,2025-06-14 10:31:53,PG,133.2,874,sell,NYSE
tx_0009764,2025-06-14 10:31:56,DIS,180.34,446,buy,NYSE
tx_0001552,2025-06-14 10:31:58,WMT,142.66,439,sell,NYSE
tx_0002492,2025-06-14 10:31:59,GOOGL,2829.51,751,buy,NASDAQ
tx_0001673,2025-06-14 10:32:01,TSLA,694.62,107,sell,NASDAQ
tx_0002225,2025-06-14 10:32:01,FB,,827,buy,NASDAQ
tx_0000724,2025-06-14 10:32:01,DIS,180.51,803,sell,NYSE
tx_0009173,2025-06-14 10:32:02,GOOGL,2814.29,688,buy,NASDAQ
tx_0005312,2025-06-14 10:32:09,DIS,177.97,727,buy,NYSE
tx_0002387,2025-06-14 10:32:09,JNJ,168.99,856,buy,NYSE
tx_0000622,2025-06-14 10:32:11,FB,323.39,451,buy,NASDAQ
tx_0000139,2025-06-14 10:32:13,BRK.B,282.49,680,buy,NYSE
tx_0006251,2025-06-14 10:32:20,TSLA,701.13,639,sell,NASDAQ
tx_0005825,2025-06-14 10:32:22,TSLA,699.36,572,buy,NASDAQ
tx_0001368,2025-06-14 10:32:22,NVDA,202.13,126,sell,NASDAQ
tx_0001679,2025-06-14 10:32:23,AMZN,3439.95,138,buy,NASDAQ
tx_0008127,2025-06-14 10:32:23,GOOGL,2848.15,720,buy,NASDAQ
tx_0002893,2025-06-14 10:32:29,PEP,153.17,215,buy,NYSE
tx_0005966,2025-06-14 10:32:32,KO,56.15,649,buy,NYSE
tx_0006839,2025-06-14 10:32:32,MCD,250.22,960,sell,NYSE
tx_0005867,2025-06-14 10:32:34,PYPL,256.67,345,buy,NASDAQ
tx_0002635,2025-06-14 10:32:38,AAPL,147.33,462,buy,NASDAQ
tx_0002889,2025-06-14 10:32:38,NVDA,203.55,168,sell,NASDAQ
tx_0003930,2025-06-14 10:32:42,MA,350.14,178,buy,NYSE
tx_0005521,2025-06-14 10:32:42,AAPL,148.58,651,buy,NASDAQ
tx_0000833,2025-06-14 10:32:43,TSLA,692.83,890,buy,NASDAQ
tx_0008481,2025-06-14 10:32:44,ADBE,618.42,625,buy,NASDAQ
tx_0009931,2025-06-14 10:32:50,PG,135.31,468,buy,NYSE
tx_0006554,2025-06-14 10:32:51,WMT,140.81,611,sell,NYSE
tx_0000640,2025-06-14 10:32:51,FB,321.35,243,sell,NASDAQ
tx_0001941,2025-06-14 10:32:52,MSFT,305.52,634,buy,NASDAQ
tx_0007360,2025-06-14 10:32:54,PEP,153.82,311,sell,NYSE
tx_0006195,2025-06-14 10:32:56,KO,56.06,451,sell,NYSE
tx_0006323,2025-06-14 10:32:59,KO,56.65,517,buy,NYSE
tx_0001367,2025-06-14 10:33:01,JNJ,171.65,693,sell,NYSE
tx_0007977,2025-06-14 10:33:06,JNJ,171.26,829,buy,NYSE
tx_0001946,2025-06-14 10:33:07,FB,323.78,642,sell,NASDAQ
tx_0001314,2025-06-14 10:33:08,V,215.22,964,sell,NYSE
tx_0002028,2025-06-14 10:33:09,PYPL,259.46,809,buy,NASDAQ
tx_0003571,2025-06-14 10:33:12,V,215.57,766,buy,NYSE
tx_0007282,2025-06-14 10:33:13,PG,134.39,386,buy,NYSE
tx_0002011,2025-06-14 10:33:13,MCD,250.06,593,buy,NYSE
tx_0008255,2025-06-14 10:33:15,V,214.86,761,buy,NYSE
tx_0000966,2025-06-14 10:33:16,MCD,252.53,678,buy,NYSE
tx_0007538,2025-06-14 10:33:16,GOOGL,2831.94,649,buy,NASDAQ
tx_0007108,2025-06-14 10:33:18,MCD,253.71,988,sell,NYSE
tx_0003620,2025-06-14 10:33:25,ADBE,613.8,385,buy,NASDAQ
tx_0004029,2025-06-14 10:33:25,BRK.B,284.01,306,buy,NYSE
tx_0006328,2025-06-14 10:33:27,NVDA,205.2,620,sell,NASDAQ
tx_0001251,2025-06-14 10:33:28,JNJ,171.41,163,sell,NYSE
tx_0001665,2025-06-14 10:33:29,NVDA,205.76,481,buy,NASDAQ
tx_0001907,2025-06-14 10:33:31,BRK.B,281.67,384,buy,NYSE
tx_0002438,2025-06-14 10:33:31,KO,56.55,781,buy,NYSE
tx_0001576,2025-06-14 10:33:32,MSFT,307.26,957,sell,NASDAQ
tx_0005891,2025-06-14 10:33:33,FB,325.07,898,sell,NASDAQ
tx_0001942,2025-06-14 10:33:33,GOOGL,2820.03,670,sell,NASDAQ
tx_0008107,2025-06-14 10:33:34,GOOGL,2791.3,867,buy,NASDAQ
tx_0000401,2025-06-14 10:33:39,AAPL,147.85,353,buy,NASDAQ
tx_0000205,2025-06-14 10:33:39,DIS,179.8,539,sell,NYSE
tx_0003634,2025-06-14 10:33:41,DIS,177.3,804,sell,NYSE
tx_0002931,2025-06-14 10:33:42,TSLA,694.86,515,sell,NASDAQ
tx_0006297,2025-06-14 10:33:42,MA,349.02,305,sell,NYSE
tx_0006527,2025-06-14 10:33:43,MSFT,306.25,849,buy,NASDAQ
tx_0008457,2025-06-14 10:33:44,JNJ,172.07,877,sell,NYSE
tx_0004053,2025-06-14 10:33:45,NFLX,494.83,728,buy,NASDAQ
tx_0009457,2025-06-14 10:33:49,BRK.B,285.29,112,buy,NYSE
tx_0003431,2025-06-14 10:33:52,MSFT,306.44,199,buy,NASDAQ
tx_0009800,2025-06-14 10:33:52,MSFT,306.04,529,buy,NASDAQ
tx_0004261,2025-06-14 10:33:53,MA,346.75,724,buy,NYSE
tx_0006561,2025-06-14 10:33:55,MSFT,306.26,170,buy,NASDAQ
tx_0009060,2025-06-14 10:34:04,KO,56.93,500,sell,NYSE
tx_0007723,2025-06-14 10:34:06,AAPL,149.17,347,buy,NASDAQ
tx_0005551,2025-06-14 10:34:11,KO,57.02,769,buy,NYSE
tx_0009939,2025-06-14 10:34:14,TSLA,701.07,245,sell,NASDAQ
tx_0004611,2025-06-14 10:34:14,MCD,253.14,463,buy,NYSE
tx_0003760,2025-06-14 10:34:19,AAPL,148.89,529,sell,NASDAQ
tx_0003528,2025-06-14 10:34:28,WMT,140.38,745,sell,NYSE
tx_0004095,2025-06-14 10:34:29,NFLX,501.24,897,buy,NASDAQ
tx_0004641,2025-06-14 10:34:39,TSLA,705.22,350,buy,NASDAQ
tx_0009028,2025-06-14 10:34:43,BRK.B,283.76,272,sell,NYSE
tx_0004144,2025-06-14 10:34:43,MCD,252.3,326,sell,NYSE
tx_0009588,2025-06-14 10:34:45,NVDA,204.3,665,sell,NASDAQ
tx_0006624,2025-06-14 10:34:45,MCD,250.16,821,sell,NYSE
tx_0004934,2025-06-14 10:34:45,PEP,153.83,486,sell,NYSE
tx_0007857,2025-06-14 10:34:46,GOOGL,2803.99,966,sell,NASDAQ
tx_0005427,2025-06-14 10:34:46,MCD,250.16,262,buy,
tx_0009085,2025-06-14 10:34:48,MA,347.11,416,buy,NYSE
tx_0001299,2025-06-14 10:34:51,KO,56.04,682,buy,NYSE
tx_0004131,2025-06-14 10:34:54,MCD,249.44,155,buy,NYSE
tx_0003818,2025-06-14 10:34:59,WMT,141.01,560,buy,NYSE
tx_0000442,2025-06-14 10:35:04,KO,56.84,244,sell,NYSE
tx_0000271,2025-06-14 10:35:04,NFLX,495.41,229,sell,NASDAQ
tx_0004317,2025-06-14 10:35:05,V,215.96,815,buy,NYSE
tx_0002341,2025-06-14 10:35:05,NFLX,495.44,775,sell,NASDAQ
tx_0004221,2025-06-14 10:35:07,WMT,142.46,839,buy,NYSE
tx_0008245,2025-06-14 10:35:13,V,216.56,197,sell,NYSE
tx_0004304,2025-06-14 10:35:13,AAPL,149.45,137,sell,NASDAQ
tx_0002847,2025-06-14 10:35:14,MA,346.16,607,buy,NYSE
tx_0007094,2025-06-14 10:35:16,NVDA,205.56,935,buy,NASDAQ
tx_0001347,2025-06-14 10:35:16,NVDA,204.47,437,buy,NASDAQ
tx_0007275,2025-06-14 10:35:21,GOOGL,2830.01,281,sell,NASDAQ
tx_0005877,2025-06-14 10:35:22,FB,321.27,730,buy,NASDAQ
tx_0002202,2025-06-14 10:35:23,PG,134.29,224,sell,NYSE
tx_0009668,2025-06-14 10:35:25,PG,134.59,220,sell,NYSE
tx_0009763,2025-06-14 10:35:26,BRK.B,279.13,164,buy,NYSE
tx_0006571,2025-06-14 10:35:26,FB,322.44,526,sell,NASDAQ
tx_0002851,2025-06-14 10:35:27,GOOGL,2792.29,594,buy,NASDAQ
tx_0006004,2025-06-14 10:35:27,PG,135.13,837,buy,NYSE
tx_0005749,2025-06-14 10:35:30,BRK.B,281.73,190,buy,NYSE
tx_0003246,2025-06-14 10:35:31,PYPL,257.42,576,buy,NASDAQ
tx_0009520,2025-06-14 10:35:39,BRK.B,282.19,566,buy,NYSE
tx_0002625,2025-06-14 10:35:40,PG,136.42,212,sell,NYSE
tx_0007934,2025-06-14 10:35:40,TSLA,699.63,383,buy,NASDAQ
tx_0006833,2025-06-14 10:35:43,PEP,155.34,925,sell,NYSE
tx_0008719,2025-06-14 10:35:45,WMT,142.94,733,buy,NYSE
tx_0000296,2025-06-14 10:35:51,PEP,153.63,113,sell,NYSE
tx_0009722,2025-06-14 10:35:54,BRK.B,280.64,170,buy,NYSE
tx_0003981,2025-06-14 10:35:54,V,214.15,975,sell,
tx_0002694,2025-06-14 10:35:55,NFLX,503.15,146,buy,NASDAQ
tx_0001207,2025-06-14 10:35:56,MSFT,307.97,330,sell,NASDAQ
tx_0006878,2025-06-14 10:35:57,V,216.34,367,sell,NYSE
tx_0009020,2025-06-14 10:36:00,AMZN,3443.04,230,sell,NASDAQ
tx_0004165,2025-06-14 10:36:01,BRK.B,280.47,348,sell,NYSE
tx_0007263,2025-06-14 10:36:05,NFLX,500.1,227,sell,NASDAQ
tx_0000744,2025-06-14 10:36:06,TSLA,701.92,463,sell,NASDAQ
tx_0008914,2025-06-14 10:36:09,JNJ,171.13,292,sell,NYSE
tx_0000349,2025-06-14 10:36:13,V,217.44,236,buy,NYSE
tx_0005354,2025-06-14 10:36:13,PEP,153.75,998,sell,NYSE
tx_0006412,2025-06-14 10:36:15,FB,321.69,216,buy,NASDAQ
tx_0009334,2025-06-14 10:36:16,JNJ,168.59,559,buy,NYSE
tx_0008815,2025-06-14 10:36:17,PYPL,259.38,918,,NASDAQ
tx_0007746,2025-06-14 10:36:17,PYPL,256.1,175,buy,NASDAQ
tx_0004348,2025-06-14 10:36:22,BRK.B,281.88,807,sell,NYSE
tx_0008486,2025-06-14 10:36:25,MCD,248.6,412,sell,NYSE
tx_0002119,2025-06-14 10:36:25,FB,326.08,272,buy,NASDAQ
tx_0005081,2025-06-14 10:36:26,PYPL,255.71,267,buy,NASDAQ
tx_0001106,2025-06-14 10:36:27,PG,134.73,947,sell,NYSE
tx_0000878,2025-06-14 10:36:29,TSLA,696.53,248,sell,NASDAQ
tx_0001577,2025-06-14 10:36:33,ADBE,616.84,295,buy,NASDAQ
tx_0007721,2025-06-14 10:36:37,MA,348.42,778,sell,NYSE
tx_0001513,2025-06-14 10:36:38,BRK.B,278.06,412,sell,NYSE
tx_0003840,2025-06-14 10:36:41,TSLA,694.64,345,buy,NASDAQ
tx_0004830,2025-06-14 10:36:41,MCD,250.13,942,buy,NYSE
tx_0001978,2025-06-14 10:36:42,PEP,153.05,605,buy,NYSE
tx_0002449,2025-06-14 10:36:42,PYPL,256.02,657,buy,NASDAQ
tx_0005328,2025-06-14 10:36:43,PEP,155.5,897,buy,NYSE
tx_0004355,2025-06-14 10:36:43,PEP,154.12,968,buy,
tx_0004804,2025-06-14 10:36:47,NVDA,206.98,371,sell,NASDAQ
tx_0003541,2025-06-14 10:36:47,AAPL,148.48,195,sell,NASDAQ
tx_0000335,2025-06-14 10:36:49,MCD,248.37,900,sell,NYSE
tx_0008651,2025-06-14 10:36:51,MSFT,,535,sell,NASDAQ
tx_0000774,2025-06-14 10:36:56,AMZN,3461.91,401,buy,NASDAQ
tx_0006730,2025-06-14 10:36:59,JNJ,170.92,869,sell,NYSE
tx_0007462,2025-06-14 10:37:15,NVDA,206.95,884,buy,NASDAQ
tx_0006313,2025-06-14 10:37:16,AAPL,148.11,503,sell,NASDAQ
tx_0005920,2025-06-14 10:37:22,MSFT,309.13,823,sell,NASDAQ
tx_0007544,2025-06-14 10:37:23,AAPL,147.59,314,sell,NASDAQ
tx_0009377,2025-06-14 10:37:23,KO,57.41,831,buy,NYSE
tx_0003765,2025-06-14 10:37:24,ADBE,623.32,548,sell,NASDAQ
tx_0003690,2025-06-14 10:37:25,BRK.B,282.16,479,buy,NYSE
tx_0006521,2025-06-14 10:37:25,MSFT,307.54,355,sell,NASDAQ
tx_0006596,2025-06-14 10:37:29,V,216.08,747,sell,NYSE
tx_0009198,2025-06-14 10:37:30,NVDA,206.52,339,sell,NASDAQ
tx_0004217,2025-06-14 10:37:34,GOOGL,2823.27,129,sell,NASDAQ
tx_0000751,2025-06-14 10:37:39,MSFT,306.94,492,buy,NASDAQ
tx_0002999,2025-06-14 10:37:46,MCD,253.77,869,sell,NYSE
tx_0002547,2025-06-14 10:37:47,MSFT,311.11,553,sell,NASDAQ
tx_0006858,2025-06-14 10:37:47,KO,57.62,507,buy,NYSE
tx_0009842,2025-06-14 10:37:48,MSFT,308.13,301,buy,NASDAQ
tx_0002904,2025-06-14 10:37:49,PEP,155.5,781,sell,NYSE
tx_0003667,2025-06-14 10:37:50,AMZN,3386.09,877,buy,NASDAQ
tx_0000554,2025-06-14 10:37:53,TSLA,699.13,180,buy,NASDAQ
tx_0006652,2025-06-14 10:37:55,PYPL,258.62,533,buy,NASDAQ
tx_0001627,2025-06-14 10:37:59,PYPL,257.29,702,sell,NASDAQ
tx_0000614,2025-06-14 10:38:00,AAPL,148.72,710,buy,NASDAQ
tx_0009769,2025-06-14 10:38:00,V,215.03,797,sell,NYSE
tx_0000636,2025-06-14 10:38:02,KO,57.15,244,buy,NYSE
tx_0001196,2025-06-14 10:38:04,PG,137.42,414,buy,NYSE
tx_0004681,2025-06-14 10:38:05,KO,56.79,788,buy,NYSE
tx_0002626,2025-06-14 10:38:05,BRK.B,278.81,913,sell,
tx_0003168,2025-06-14 10:38:07,NFLX,497.91,821,buy,NASDAQ
tx_0004629,2025-06-14 10:38:07,ADBE,627.22,351,buy,NASDAQ
tx_0008005,2025-06-14 10:38:08,WMT,142.82,462,sell,NYSE
tx_0002383,2025-06-14 10:38:09,PYPL,256.02,506,buy,NASDAQ
tx_0007920,2025-06-14 10:38:09,GOOGL,2814.03,141,sell,NASDAQ
tx_0005194,2025-06-14 10:38:14,DIS,178.81,200,sell,NYSE
tx_0004270,2025-06-14 10:38:19,GOOGL,2799.92,811,sell,NASDAQ
tx_0000818,2025-06-14 10:38:25,AAPL,146.95,741,sell,NASDAQ
tx_0001361,2025-06-14 10:38:26,GOOGL,2839.25,664,buy,NASDAQ
tx_0004047,2025-06-14 10:38:28,DIS,179.37,851,sell,NYSE
tx_0001920,2025-06-14 10:38:28,FB,322.88,277,buy,NASDAQ
tx_0008554,2025-06-14 10:38:33,KO,57.59,226,sell,NYSE
tx_0000113,2025-06-14 10:38:35,TSLA,699.82,658,sell,NASDAQ
